2895 3832
1359 238 1567 301 „M13N

474 373 597 417 Illum
629 387 796 430 quoque
828 375 1026 419 carminis
1057 376 1209 433 locum,
1243 377 1314 433 qui
1346 382 1411 421 est
1442 378 1496 421 de
1528 382 1662 421 morte
1692 376 1904 431 Tarpeiae
1935 380 1990 429 (v.
2008 377 2063 419 89
2078 375 2205 431 sqq),
2238 375 2295 418 ad
2326 375 2492 419 Livium
2524 375 2663 420 redire

262 443 473 487 Tuerkius
507 445 608 500 vult,
642 458 736 487 cum
768 445 914 488 scribit
943 450 1001 502 (p.
1035 448 1126 503 34):
1159 448 1310 503 ,Atque
1343 448 1420 503 eis,
1453 462 1563 503 quae
1596 448 1650 491 de
1682 452 1815 489 morte
1846 447 2058 501 Tarpeiae
2090 450 2237 489 narrat
2266 450 2416 500 poeta:

616 516 686 573 ,At
705 515 855 560 Tatius
889 542 942 548 —
976 531 1136 574 neque
1170 518 1300 562 enim
1331 519 1519 564 sceleri
1551 517 1889 577 deditthostis
1921 518 2161 562 honorem
2185 542 2239 549 -

621 588 796 644 „Nube“
833 589 893 631 ait
928 594 996 646 „et
1026 590 1149 646 regni
1180 591 1341 634 scande
1372 591 1510 635 cubile
1541 590 1669 634 mei“.

618 659 750 714 Dixit,
784 666 825 702 et
855 661 1033 716 ingestis
1065 662 1263 704 comitum
1295 676 1422 718 super
1452 664 1590 706 obruit
1620 662 1763 705 armis‘

272 743 368 772 eum
398 729 583 773 maxime
615 730 673 772 ad
703 730 870 774 Livium
902 733 1109 776 accedere
1148 733 1263 788 quod
1302 739 1554 777 memoretur
1586 734 1760 789 dignum
1798 738 1882 776 est:
1923 747 2020 775 nam
2058 733 2183 775 etiam
2224 732 2293 775 hic
2331 731 2513 787 scriptor
2549 730 2670 773 addit

263 800 432 843 Tatium
472 815 617 856 regem
659 802 864 857 virginem
896 805 1135 859 necavisse,
1181 810 1232 846 ut
1263 818 1317 848 se
1348 806 1696 859 proditionem
1728 804 1927 846 omnino
1960 818 2057 845 non
2088 804 2303 857 probare
2336 801 2669 857 significaret

261 871 311 926 (I,
343 874 410 926 11,
446 872 512 928 6);
553 873 742 928 ,Accepti
775 874 968 915 obrutam
999 875 1128 917 armis
1160 888 1384 930 necavere,
1418 888 1493 918 seu
1523 880 1568 918 ut
1600 875 1641 917 vi
1669 879 1798 929 capta
1824 874 1966 929 potius
1993 887 2070 916 arx
2095 873 2317 928 videretur,
2353 886 2430 916 seu
2455 871 2669 928 prodendi

264 941 448 997 exempli
480 955 625 997 causa,
658 957 711 985 ne
743 943 844 997 quid
866 957 1043 998 usquam
1067 945 1198 988 fidum
1221 946 1426 1000 proditori
1459 947 1598 990 essetf
1624 970 1678 977 —-
1704 945 1797 988 Nec
1824 958 1924 987 vero
1952 943 2068 987 solus
2097 943 2239 986 Livius
2262 943 2343 986 hoc
2367 942 2556 997 exhibet,
2589 941 2668 985 sed

265 1012 394 1055 etiam
426 1012 541 1068 apud
584 1013 853 1056 Plutarchum
893 1015 991 1067 (Vit.
1026 1015 1196 1058 Romuli
1227 1016 1364 1071 XVII,
1408 1019 1477 1069 19)
1516 1031 1664 1072 parem
1702 1015 1939 1059 invenimus
1993 1014 2245 1058 sententiam
2285 1014 2347 1057 sic
2393 1027 2670 1069 expressam:

262 1081 335 1132 ,Οὐ
369 1083 486 1139 μόνος
517 1082 597 1134 οὖν,
648 1086 701 1130 ὡς
731 1083 868 1136 ἔοικεν,
906 1085 1114 1140 Ἀντίγονος
1150 1084 1228 1142 ἔφη
1272 1087 1524 1142 προδιδόντας
1562 1089 1631 1142 μὲν
1669 1088 1807 1142 φιλεῖν,
1849 1083 2220 1141 προδεδωκότας
2258 1084 2307 1126 δὲ
2344 1087 2513 1139 μισεῖν·
2574 1083 2668 1125 οὐδὲ

264 1152 418 1211 Καῖσαρ
450 1184 461 1195 .
484 1185 495 1195 .
518 1185 559 1196 ..
599 1156 723 1212 φιλεῖν
769 1156 837 1211 μὲν
883 1157 1105 1212 προδοσίαν.
1143 1156 1382 1213 προδότην
1427 1159 1478 1200 δε
1519 1160 1686 1213 μισεῖν·
1759 1157 1862 1199 ἀλλὰ
1902 1155 2028 1198 κοινόν
2066 1171 2100 1197 τι
2143 1157 2254 1197 τοῦτο
2291 1154 2416 1201 πάθος
2454 1154 2533 1197 ἐστὶ
2571 1154 2668 1210 πρὸς

266 1219 354 1270 τοὺς
398 1216 591 1282 πονῇροὺς
635 1230 711 1271 τοῖς
755 1227 954 1282 δεομένοις
985 1227 1112 1269 αὐτῶν
1135 1258 1146 1270 .
1170 1258 1180 1269 .
1205 1258 1215 1269 .
1240 1259 1250 1269 .
1289 1229 1356 1284 τὴν
1394 1229 1467 1285 γὰρ
1506 1229 1641 1286 χρείαν
1690 1229 1754 1271 ὅτε
1793 1228 2056 1285 λαμβάνουσιν
2095 1227 2332 1281 ἀγαπῶντες,
2381 1226 2668 1283 ἐχθαίρουσι

259 1297 340 1352 τὴν
372 1297 563 1347 κακίαν,
597 1297 688 1338 ὅταν
719 1297 882 1353 τύχωσι.
926 1297 1051 1340 Τοῦτο
1083 1300 1148 1340 καὶ
1178 1300 1273 1356 πρὸς
1304 1301 1370 1357 τὴν
1403 1298 1603 1357 Ταρπηΐαν
1634 1299 1723 1343 τότε
1754 1300 1892 1342 παθὼν
1926 1300 1946 1341 ὁ
1980 1296 2118 1344 Τάτιος
2140 1329 2151 1340 .
2175 1328 2186 1339 .
2211 1329 2221 1339 .
2245 1329 2255 1339 .
2292 1302 2442 1354 πρῶτος
2479 1296 2564 1353 ἅμα
2600 1297 2666 1339 τὸν

262 1370 564 1425 βραχιονιστῆρα
601 1374 667 1425 τῆς
709 1371 841 1425 χειρὸς
881 1372 1071 1426 περιελὼν
1118 1372 1183 1413 καὶ
1220 1372 1285 1413 τὸν
1324 1372 1465 1428 θυρεὸν
1498 1372 1693 1430 ἐπέρριψε.
1765 1371 1929 1413 Ποίντων
1968 1370 2012 1412 δέ
2054 1370 2148 1411 αὐτὸ
2188 1368 2398 1411 ποιούντων
2438 1369 2662 1427 βαλλομένη

263 1455 305 1481 τε
338 1444 393 1497 τῷ
427 1443 564 1497 χρυσῷ
596 1441 661 1482 καὶ
693 1442 1071 1498 καταχωσθεῖσα
1103 1446 1197 1490 τοῖς
1229 1443 1419 1501 θυρεοῖς
1450 1445 1523 1487 ὑπὸ
1560 1444 1736 1501 πλήθους
1764 1444 1830 1485 καὶ
1856 1444 2001 1501 βάρους
2028 1442 2252 1484 ἀπέθανενέ
2294 1440 2428 1494 Quem
2449 1440 2664 1485 Plutarchi

254 1513 393 1554 locum
436 1527 691 1567 componere
730 1514 874 1555 malim
914 1528 1007 1555 cum
1048 1515 1256 1570 Propertii
1301 1516 1492 1558 versibus
1538 1530 1665 1571 quam
1707 1515 1891 1556 Liviana
1932 1515 2077 1569 verba,
2123 1526 2217 1555 cum
2258 1513 2504 1555 Plutarchus
2547 1512 2665 1555 illam

257 1584 524 1638 sententiam,
570 1598 654 1637 qua
692 1585 933 1639 proditores
975 1586 1251 1628 abominandi
1293 1587 1388 1641 sint,
1435 1587 1528 1629 fuse
1569 1588 1741 1641 lateque
1785 1591 1948 1640 urgeat,
1996 1585 2142 1626 Livius
2185 1598 2281 1626 eam
2325 1585 2461 1626 obiter
2503 1588 2665 1625 tantum

257 1654 440 1709 attingat
490 1660 532 1698 et
575 1655 728 1698 alteri
782 1655 970 1711 opinioni
1013 1656 1192 1711 primum
1236 1657 1309 1700 det
1351 1658 1489 1700 locum
1534 1658 1678 1701 verbis
1722 1658 1864 1700 hisce:
1932 1670 2021 1711 ‚seu
2065 1662 2110 1698 ut
2152 1656 2194 1698 vi
2240 1661 2368 1710 capta
2408 1655 2547 1710 potius
2589 1668 2665 1697 arx

256 1725 497 1769 videretur‘.
582 1727 720 1781 Atque
763 1740 814 1769 eo
859 1727 997 1782 magis
1043 1727 1111 1770 hic
1155 1728 1405 1771 Plutarchus
1449 1728 1491 1771 in
1534 1729 1713 1785 primum
1765 1741 1923 1783 agmen
1975 1727 2272 1783 producendus
2325 1732 2402 1782 est,
2456 1725 2570 1781 quod
2622 1725 2665 1767 in

257 1798 445 1840 locorum
476 1810 644 1851 quoque
677 1797 960 1853 descriptione
993 1798 1141 1841 mirum
1180 1799 1223 1841 in
1263 1799 1433 1842 modum
1475 1800 1674 1842 convenit
1711 1813 1805 1842 cum
1844 1799 2079 1854 Propertio,
2111 1798 2156 1840 id
2186 1798 2301 1853 quod
2332 1798 2425 1854 ipse
2457 1797 2665 1841 Tuerkius

257 1874 317 1928 (p.
350 1870 404 1911 33
439 1873 521 1923 sq.)
550 1869 678 1923 plane
712 1869 1031 1912 demonstravit.
1086 1870 1204 1913 Sicut
1235 1876 1380 1913 autem
1407 1872 1471 1913 vir
1510 1872 1659 1914 doctus
1686 1871 1797 1913 hanc
1822 1870 2120 1925 descriptionis
2147 1869 2465 1912 similitudinem
2486 1869 2664 1930 Varroni

256 1938 399 1983 reddit
437 1939 624 1995 (,Graeci
650 1940 1057 1995 scriptorisratione
1083 1942 1252 1997 penitus
1277 1956 1505 1997 perspecta
1532 1942 1631 1996 quin
1658 1942 1730 1985 ille
1758 1941 1992 1984 communis
2025 1941 2134 1995 fons,
2167 1941 2224 1983 ad
2264 1954 2390 1995 quem
2417 1940 2665 1983 Plutarchus

257 2024 394 2065 aeque
409 2024 461 2054 ac
476 2010 720 2066 Propertius
734 2010 983 2055 referendus
1000 2012 1066 2067 sit,
1083 2012 1125 2055 in
1142 2012 1344 2056 Varronis
1359 2013 1477 2056 libris
1492 2012 1559 2068 sit,
1586 2012 1656 2055 vix
1679 2012 1960 2055 dubitandum
1983 2013 2092 2067 est‘),
2114 2012 2174 2054 ita
2193 2012 2251 2053 nil
2271 2011 2565 2065 impedimenti
2584 2017 2663 2064 est,

258 2081 479 2136 quominus
513 2096 552 2124 v.
589 2083 644 2124 89
677 2095 768 2137 sqq.
797 2096 963 2137 quoque
988 2082 1258 2139 repudiemus
1286 2083 1450 2126 Livium
1481 2088 1523 2126 et
1549 2083 1608 2126 ita
1634 2082 1740 2126 satis
1767 2082 2002 2126 habeamus
2029 2082 2071 2124 in
2097 2095 2191 2125 uno
2222 2086 2396 2125 auctore
2418 2081 2663 2136 allegando.

260 2153 354 2204 Qua
385 2153 428 2195 in
460 2167 505 2196 re
536 2152 714 2196 facimus
749 2167 845 2196 cum
878 2155 946 2196 Fr.
982 2155 1163 2207 Cauero,
1204 2155 1275 2209 qui
1315 2155 1368 2197 de
1410 2155 1574 2197 ratione
1613 2154 1788 2197 Tuerkii
1830 2154 1969 2197 fontes
2009 2153 2216 2209 Propertii
2255 2153 2299 2195 in
2331 2158 2478 2196 nostra
2522 2153 2664 2207 elegia

264 2224 449 2267 eruentis
480 2224 642 2267 iudicat
673 2225 734 2268 sic
765 2225 807 2281 (l.
838 2225 865 2267 1.
893 2239 934 2282 p.
966 2225 1118 2284 1581):
1153 2226 1317 2282 ,Nichts
1349 2226 1518 2270 hindert
1549 2226 1619 2269 die
1650 2225 1873 2269 Annahme
1906 2225 2047 2269 einer
2078 2224 2241 2279 Quelle,
2273 2223 2315 2266 in
2349 2223 2425 2267 der
2456 2223 2563 2267 alle
2594 2223 2665 2267 die

265 2295 516 2351 Umstande,
550 2295 619 2338 die
639 2297 823 2352 Properz
856 2311 934 2340 aus
967 2298 1043 2340 der
1062 2298 1301 2341 romischen
1316 2299 1431 2353 Sage
1453 2298 1636 2353 anfiihrt,
1658 2298 1799 2340 neben
1825 2297 2029 2340 einander
2055 2296 2244 2339 erwahnt
2269 2308 2471 2351 gewesen
2497 2295 2667 2352 sind.‘²)

474 2368 537 2409 Ac
567 2367 695 2409 miror
739 2368 969 2411 Tuerkium
1001 2368 1162 2424 fugisse
1194 2370 1238 2411 in
1268 2370 1349 2413 hac
1381 2370 1478 2425 ipsa
1509 2384 1555 2412 re
1586 2369 1929 2425 probabilissime
1960 2381 2087 2423 posse
2118 2381 2196 2410 nos
2241 2366 2442 2410 Varronis
2487 2366 2667 2410 auctori·

261 2443 392 2481 tatem
415 2438 569 2481 accire.
622 2439 733 2481 Nam
772 2453 865 2482 cum
897 2440 1281 2495 exploratissimum
1314 2442 1369 2484 sit
1398 2442 1441 2484 in
1474 2441 1572 2484 Vita
1603 2440 1769 2484 Romuli
1801 2440 2068 2482 Plutarchum
2099 2439 2158 2482 ita
2189 2438 2376 2494 pendere
2409 2452 2433 2481 e
2461 2439 2666 2494 Varrone,

265 2516 309 2553 ut
341 2510 494 2554 adierit
525 2511 658 2553 Iubae
699 2511 752 2554 de
786 2511 1008 2567 ὁμοιότησιν
1040 2513 1204 2568 librum,
1250 2514 1399 2556 Iubam
1441 2518 1584 2556 autem
1615 2512 1817 2555 Varronis
1862 2511 2093 2554 doctrinam
2136 2510 2178 2552 in
2222 2509 2435 2553 Graecam
2477 2510 2668 2565 linguam

266 2581 583 2635 transtulisse2),
606 2581 675 2624 hic
708 2595 758 2625 eo
792 2582 1071 2626 confidentius
1103 2597 1192 2627 rem
1225 2597 1355 2638 agere
1387 2596 1627 2639 possumus,
1660 2583 1772 2638 quod
1805 2582 2050 2625 Plutarchus
2086 2581 2196 2634 (1.1.)
2226 2581 2268 2623 in
2299 2580 2395 2636 ipsa
2432 2580 2581 2624 fabula
2613 2581 2669 2624 de

264 2652 453 2709 Tarpeia
497 2657 697 2696 enarrata
740 2654 917 2698 Iubam
949 2654 1113 2698 citavit:
1158 2652 1312 2705 ,Ἐοίλω
1352 2655 1394 2698 δὲ
1440 2655 1505 2698 καὶ
1551 2653 1748 2712 Ταρπήϊος
1778 2653 1981 2710 προδοσίας
2019 2652 2091 2695 ὑπὸ
2123 2648 2328 2708 Ῥωμύλου
2367 2652 2570 2709 διωχθεὶς,
2616 2655 2670 2699 ὡς

262 2723 418 2782 Ἰόβας
449 2725 563 2782 φησὶ
594 2724 752 2783 Γάλβαν
784 2725 1013 2769 Σουλπίκιον
1046 2727 1235 2783 ἱστορεῖν.6

473 2796 554 2851 En,
588 2796 690 2850 quid
721 2796 821 2837 inde
854 2802 1066 2851 sequatur.
1131 2798 1236 2840 Cum
1273 2801 1422 2854 pateat
1452 2797 1661 2853 Propertii
1693 2802 1734 2840 et
1764 2795 1989 2851 Plutarchi,
2032 2807 2156 2851 que-m
2193 2808 2271 2851 per
2302 2795 2467 2851 Iubam,
2507 2795 2669 2851 expila-

263 2871 397 2907 torem
430 2867 647 2921 Varronis,
681 2868 737 2908 ad
770 2868 880 2909 hunc
901 2868 1206 2922 polyhistorem
1238 2869 1378 2911 redire
1409 2868 1536 2910 modo
1571 2867 1763 2921 diximus,
1797 2865 2023 2908 similitudo
2057 2870 2099 2907 et
2130 2879 2223 2927 cum
2255 2866 2504 2923 ceteroquin
2535 2867 2670 2911 Varro

260 2936 368 2992 ipse,
407 2937 451 2979 id
490 2938 604 2992 quod
631 2939 817 2982 maxima
851 2953 906 2982 ex·
937 2944 1058 2994 parte
1092 2939 1177 2983 iam
1204 2940 1415 2983 Tuerkius
1448 2939 1586 2993 evicit,
1625 2939 1668 2982 in
1702 2937 1877 2993 singulis
1903 2937 2029 2980 rebus
2063 2950 2158 2980 cum
2184 2943 2330 2981 nostro
2363 2951 2670 2995 usquequaque

265 3008 491 3064 conspiret,
524 3009 603 3051 hos
636 3023 803 3064 quoque
836 3024 983 3054 versus
1015 3024 1218 3055 revocare
1251 3012 1308 3054 ad
1340 3012 1572 3054 Varronem
1603 3023 1685 3052 non
1719 3008 1878 3063 dubito,
1911 3008 2061 3050 utiam
2093 3008 2327 3052 omnibus
2358 3010 2466 3053 locis
2497 3015 2671 3054 nostrae

474 3137 501 3184 ¹)
537 3138 653 3175 Etiam
679 3151 700 3176 a
725 3140 765 3176 G.
792 3139 971 3176 Knaackio
997 3140 1032 3186 (l.
1059 3140 1081 3177 1.
1109 3153 1141 3186 p.
1168 3145 1252 3187 401)
1278 3141 1453 3187 repulsam
1478 3141 1550 3175 fert
1574 3140 1711 3183 Livius3
1757 3139 1861 3181 solus,
1893 3150 1979 3184 quos
2006 3140 2125 3183 sciam,
2153 3140 2396 3177 Rothsteinius
2422 3142 2490 3184 (ed.
2517 3145 2601 3178 tom.
2622 3142 2671 3185 11,

262 3207 296 3240 p.
325 3198 408 3244 230)
433 3197 657 3243 Propertium
684 3199 842 3235 consulto
868 3198 925 3235 hic
951 3210 989 3234 se
1015 3200 1205 3246 adiungere
1231 3200 1380 3236 fortasse
1406 3200 1448 3236 ad
1473 3199 1563 3235 Liw'i
1589 3198 1833 3234 auctoritatem
1859 3201 1992 3234 censet.

473 3256 500 3300 ⁵)
538 3257 592 3292 De
630 3258 695 3292 hac
725 3260 929 3302 quaestione
956 3260 1116 3303 inprimis
1142 3260 1378 3293 conferendus
1406 3263 1460 3292 est
1490 3259 1667 3301 Barthius,
1694 3258 1747 3292 De
1773 3258 1882 3292 Iubae
1914 3259 2111 3306 ὁμοιότησιν
2137 3270 2158 3294 a
2190 3259 2380 3295 Plutarcho
2423 3261 2601 3305 expressis
2633 3261 2670 3295 in

260 3312 530 3357 Quaestionibus
548 3315 716 3351 Romanis
741 3318 777 3352 et
801 3317 839 3351 in
864 3317 1011 3352 Romulo
1037 3317 1234 3362 Numaque,
1268 3317 1420 3362 Gotting.
1441 3320 1543 3353 1876.
1576 3316 1629 3353 Cf.
1658 3317 1762 3352 etiam
1790 3316 1968 3360 Glaesser,
2009 3317 2074 3360 ,De
2106 3319 2349 3354 Varronianae
2374 3320 2554 3355 doctrinae
2579 3320 2671 3364 apud

260 3371 490 3410 Plutarchum
516 3374 695 3420 vestigiis:
721 3374 818 3411 Stud.
845 3376 939 3421 Lips.
965 3375 1028 3420 lv,
1055 3387 1088 3420 p.
1118 3379 1183 3411 159
1209 3386 1283 3422 sqq.
