2895 3832
1396 144 1449 183 17

246 291 378 333 habet
408 284 522 341 quod
554 283 804 325 adversetur
831 287 890 337 (p.
927 285 980 323 12
1012 285 1120 336 sqq.)
1181 283 1330 337 Itaque
1364 296 1458 325 cum
1490 285 1685 327 omnibus
1718 286 1773 328 sit
1805 286 2035 341 probata1),
2068 290 2182 327 stare
2214 286 2257 327 in
2292 288 2525 345 Kiesslingi
2557 303 2653 333 sen-

245 358 380 403 tentia
411 355 504 399 sine
536 353 636 407 ull-a,
670 353 833 408 opinor,
867 352 1132 396 dubitatione
1164 353 1311 405 licet2).

463 425 550 467 lam
583 423 705 466 vides
737 423 840 477 quid
871 423 1015 466 velim:
1062 423 1325 478 Propertium
1356 436 1522 478 quoque
1554 425 1596 467 in
1629 425 1710 468 hac
1742 425 1796 468 de
1828 426 2009 469 Hercule
2041 430 2083 468 et
2126 425 2243 469 Caco
2274 425 2422 470 fabula
2451 442 2653 474 revocare

243 500 385 556 placet
415 495 474 539 ad
508 493 771 537 Varronis
804 493 1053 549 doctrinam,
1086 494 1243 549 quippe
1275 507 1399 548 quem
1431 508 1525 538 cum
1557 495 1755 551 Dionysii
1788 496 2056 539 enarratione
2089 496 2354 540 concordare
2398 511 2524 542 nemo
2568 513 2652 544 non

244 566 501 623 cognoverit.
564 564 690 615 Quod
722 564 758 606 si
782 564 1040 614 conceditur,
1080 578 1165 606 non
1188 568 1268 614 est,
1307 577 1381 606 cur
1410 565 1641 608 Tuerkium
1679 566 2071 621 Rotbsteiniumque
2110 567 2244 610 secuti
2282 567 2398 610 Livii
2438 568 2590 625 insup
2602 583 2654 613 er

243 637 538 684 auctoritatem
575 634 843 678 conferamus
884 634 927 676 in
965 635 1140 677 Sextum
1184 639 1518 689 argumentaque
1561 635 1715 678 unius
1772 636 1971 679 carminis
2016 651 2070 679 ex
2119 637 2329 681 duobus
2375 638 2652 694 scriptoribus

243 708 427 755 conflata
459 719 556 749 esse
588 710 838 748 statuamus.
901 704 1152 760 Ubicunque
1175 705 1288 748 enim
1308 710 1463 761 poetae
1494 720 1588 748 cum
1610 706 1733 749 Livio
1757 712 1986 750 concentus
2020 707 2269 751 manifestus
2302 715 2381 764 est,
2425 709 2574 752 simul
2596 716 2652 766 et,

242 785 442 837 quantum
476 777 675 832 equidem
706 776 858 830 senti0,
892 776 1065 819 artius
1097 776 1328 819 cohaerere
1361 790 1456 819 eum
1488 777 1615 820 modo
1648 777 1829 820 vidimus
1862 792 1955 820 cum
1987 778 2211 834 Dionysio,
2244 780 2330 834 qui,
2363 781 2400 823 si
2439 780 2652 824 credimus

241 848 516 904 Kiesslingio,
550 863 574 891 e
608 847 796 890 Varrone
827 846 998 902 pendet.
1063 847 1113 889 Id
1144 862 1171 890 a
1203 862 1270 890 me
1291 846 1529 902 impetrare
1561 863 1646 891 non
1677 863 1802 904 queo,
1836 854 1879 891 ut
1902 863 1998 892 eum
2020 849 2074 892 de
2107 849 2261 892 iisdem
2282 852 2409 894 rebus
2431 852 2653 908 complura

240 920 530 980 promptuaria
562 918 708 962 adisse
739 924 895 973 putem.
951 918 1127 961 Prorsus
1172 918 1281 961 enim
1315 918 1596 962 detrectarem
1634 926 1767 962 artem
1812 926 1982 974 poetae,
2022 921 2148 963 talis
2188 923 2438 975 praesertim
2478 929 2651 978 poetae,

238 994 322 1050 qui,
354 1004 464 1046 quae
485 990 528 1032 in
548 1003 668 1032 suum
692 1002 812 1031 usum
831 993 1108 1043 converteret,
1146 988 1210 1031 his
1225 988 1362 1031 illisve
1379 988 1484 1031 locis
1507 989 1637 1032 anxia
1651 1003 1753 1032 cura
1767 990 1993 1044 collegisse
2021 990 2191 1032 minime
2213 991 2521 1036 existimandus
2535 996 2650 1046 est⁸).

448 1060 603 1103 Nonne
634 1064 879 1114 pergratum
911 1073 1008 1102 esse
1030 1059 1160 1102 debet
1174 1064 1392 1102 auctorem
1412 1059 1581 1101 Livium
1603 1074 1657 1102 ex
1686 1060 1864 1113 priore
1887 1060 2086 1102 carminis
2108 1061 2208 1102 noni
2239 1068 2361 1115 parte
2383 1064 2649 1108 extrusisset>

237 1131 405 1178 Etenim
441 1130 527 1174 iam
559 1129 754 1184 omnia,
788 1144 898 1183 quae
929 1128 1011 1173 hac
1049 1129 1191 1184 elegia
1223 1128 1500 1183 explicantur,
1532 1145 1599 1173 me
1632 1129 1669 1173 si
1701 1130 1839 1185 audis,
1875 1130 1933 1173 ad
1964 1130 2081 1173 illum
2111 1131 2416 1186 polyhistorem
2447 1134 2647 1188 redigere

234 1206 345 1248 licet.
408 1202 520 1245 Nam
551 1201 781 1244 alteram
812 1200 1012 1244 carminis
1035 1200 1237 1255 fabulam,
1270 1215 1380 1254 quae
1413 1205 1478 1244 est
1509 1200 1563 1244 de
1597 1201 1718 1244 Bona
1751 1202 1847 1245 Dea
1879 1208 1921 1244 et
1943 1202 2256 1245 consttuctione
2278 1204 2390 1246 Arae
2413 1204 2645 1253 Maximae,

236 1290 306 1331 ,ex
337 1274 527 1317 Varrone
567 1271 900 1326 deprompsisse‘
931 1270 1196 1325 Propertium
1250 1270 1410 1324 liquido
1456 1270 1763 1314 demonstravit
1807 1272 2018 1314 Tuerkius
2050 1287 2090 1326 p.
2125 1275 2299 1315 40-42
2343 1274 2385 1316 in
2429 1289 2567 1328 eaque
2598 1290 2644 1318 re

232 1358 455 1390 assensum
497 1342 591 1386 tulit
634 1341 788 1386 Caneri
818 1341 858 1393 (l.
891 1341 917 1385 l.
952 1356 989 1397 p.
1033 1343 1163 1394 1581)
1203 1346 1246 1385 et
1288 1341 1503 1385 Knaackii
1547 1341 1605 1398 (1..
1625 1342 1651 1386 l.
1689 1357 1729 1397 p.
1766 1343 1882 1394 401).
1897 1345 1931 1394 ⁴)
1991 1343 2253 1398 Argumenta
2296 1344 2373 1386 viri
2417 1344 2545 1401 docti,
2590 1360 2644 1389 ne

230 1416 433 1461 molestus
464 1414 557 1470 sim,
589 1427 674 1457 non
706 1412 854 1457 refero.

443 1485 582 1528 Unam
623 1499 723 1528 vero
768 1499 857 1527 rem
899 1498 1027 1540 posse
1072 1497 1119 1527 se
1160 1483 1348 1527 enodare
1391 1489 1523 1539 negat
1565 1484 1789 1539 Tuerkius,
1835 1498 1887 1527 ac
1931 1484 2013 1527 nisi
2058 1484 2139 1527 hac
2182 1484 2429 1529 difficultate
2473 1488 2644 1531 sublata

230 1564 403 1602 totam
435 1557 620 1613 elegiam
651 1571 748 1600 esse
781 1561 1019 1612 compotem
1051 1555 1342 1599 Varronianae
1376 1554 1595 1598 doctrinae
1628 1560 1701 1598 aut
1732 1561 1847 1598 certe
1869 1556 1972 1598 nihil
2003 1556 2042 1599 ei
2064 1570 2302 1612 repugnare
2326 1558 2472 1601 merito
2495 1560 2642 1614 nequit

231 1644 258 1673 a
289 1628 415 1673 nobis
447 1628 701 1671 asseverari.

441 1699 629 1742 Tuerkio
662 1699 774 1742 enim
816 1698 1060 1754 Propertius
1093 1711 1144 1740 eo
1177 1698 1232 1739 ab
1266 1697 1460 1739 omnibus
1493 1697 1719 1739 dissentire
1751 1696 1918 1739 videtur
1964 1697 2222 1753 auctoribus,
2266 1699 2379 1753 quod
2416 1695 2640 1743 Euandri

229 1772 414 1827 hospitio
447 1784 568 1813 usum
601 1783 697 1812 esse
729 1769 954 1811 Herculem
986 1768 1175 1810 reticeat.
1237 1769 1375 1822 Atque
1408 1768 1469 1809 sic
1501 1772 1819 1822 argumentatur
1853 1768 1917 1809 vir
1938 1768 2088 1810 doctus
2108 1772 2163 1823 (p.
2186 1771 2279 1822 38):
2303 1769 2447 1823 ‚Multo
2468 1771 2640 1825 gravius

229 1847 295 1884 est
335 1855 362 1884 a
400 1840 621 1897 Propertio
667 1840 826 1881 nullam
856 1839 1114 1881 mentionem
1145 1838 1237 1880 fieri
1284 1838 1388 1893 eius,
1435 1850 1560 1892 quem
1604 1837 1720 1893 apud
1765 1850 1912 1879 omnes
1954 1838 2182 1893 scriptores
2227 1839 2390 1893 quasi
2433 1840 2640 1894 primas

228 1918 409 1968 partes
441 1917 623 1954 tenere
647 1910 852 1964 videmus,
886 1909 982 1951 dico
1004 1909 1261 1951 Euandrum.
1323 1909 1445 1950 Hunc
1468 1908 1579 1950 enim
1613 1909 1901 1950 Herculem
1933 1909 2161 1951 comiter
2191 1910 2487 1965 accepisse,
2521 1911 2637 1954 Caco

229 1983 451 2026 interfecto
484 1982 657 2025 summis
689 1981 887 2023 laudibus
921 1980 1138 2034 extulisse,
1183 1978 1379 2021 Herculis
1412 1978 1641 2021 honoribus
1673 1980 1835 2021 Aram
1869 1979 2147 2022 Maximam
2178 1979 2500 2034 condidisse,
2541 1995 2638 2024 con·

230 2054 363 2097 ditam
394 2053 560 2096 Potitiis
583 2067 635 2096 ac
657 2052 839 2094 Pinariis
860 2050 1200 2094 conservandam
1231 2050 1475 2104 tradidisse,
1508 2063 1562 2092 ex
1597 2049 1783 2104 Vergilio
1816 2055 1858 2091 et
1890 2050 2013 2091 Livio
2037 2051 2237 2105 cognosci
2259 2056 2412 2105 potest.
2456 2053 2639 2095 Tantum

229 2129 371 2168 autem
416 2124 554 2179 abest,
607 2128 651 2166 ut
694 2121 938 2178 Propertius
983 2120 1228 2164 Euandrum
1271 2119 1523 2175 introducat,
1569 2124 1613 2162 ut
1656 2125 1804 2163 contra
1849 2133 1944 2175 pro
1987 2121 2245 2164 Euandro
2291 2121 2476 2165 Cacum
2520 2123 2637 2167 illum

229 2195 551 2238 semihominem
585 2207 679 2236 cum
709 2194 892 2236 Hercule
923 2193 1108 2248 hospitio
1142 2192 1409 2247 coniunctum
1440 2191 1572 2232 fuisse
1606 2196 1765 2233 narret:

937 2264 1039 2319 ,Sed
1070 2277 1154 2305 non
1186 2263 1317 2304 infido
1349 2267 1594 2304 manserunt
1625 2262 1793 2317 hospite
1826 2262 1940 2303 Caco

934 2335 1193 2376 Incolumes:
1226 2334 1336 2375 furto
1369 2333 1517 2388 polluit
1550 2334 1620 2374 ille
1653 2334 1823 2374 Iovem.⁴

441 2408 563 2450 Unde
596 2413 725 2462 poeta
756 2407 867 2449 hanc
899 2406 1048 2448 miram
1081 2405 1541 2448 commutationem
1573 2404 1745 2447 fabulae
1779 2405 1965 2458 vulgaris
1990 2405 2187 2457 hauserit,
2221 2405 2415 2457 quaestio
2439 2410 2505 2446 est
2529 2418 2635 2447 sane

227 2478 441 2522 difficilis}

438 2597 463 2640 ¹)
499 2597 545 2631 cf.
579 2596 685 2630 etiam
717 2595 754 2631 C.
783 2595 898 2638 Peter,
938 2594 1008 2628 Zur
1045 2593 1161 2628 Kritik
1197 2593 1262 2628 der
1299 2592 1449 2636 Quellen
1486 2594 1550 2627 der
1583 2592 1718 2627 'alteren
1757 2593 1954 2626 romischen
1994 2592 2214 2627 Geschichte.
2248 2591 2327 2627 Hal.
2369 2595 2471 2636 1879,
2511 2603 2543 2637 p.
2570 2595 2633 2628 64:

226 2654 265 2689 P.
291 2654 434 2698 Mirsch,
461 2656 515 2690 De
541 2656 588 2690 M.
615 2655 756 2690 Terenti
784 2654 951 2688 Varronis
984 2653 1229 2697 antiquitatum
1257 2664 1374 2686 reruni
1403 2652 1633 2687 humanarum
1661 2652 1758 2686 libris
1784 2652 1900 2693 XXV,
1928 2652 2006 2695 Lps.
2041 2653 2137 2693 1882,
2170 2651 2227 2694 qui
2260 2654 2381 2685 tamen
2413 2651 2468 2685 vir
2498 2652 2632 2693 doctus,

223 2714 315 2757 quod
340 2726 372 2758 p.
399 2718 445 2750 49
477 2715 593 2749 denuo
619 2715 655 2748 in
680 2714 746 2748 hoe
771 2713 925 2748 studium
951 2712 1188 2747 incubiturum
1214 2723 1252 2746 se
1280 2711 1453 2755 pollicitus
1479 2714 1542 2754 est,
1570 2712 1682 2746 adhuc
1708 2722 1818 2755 usque
1846 2722 1912 2744 non
1940 2709 2120 2753 praestitit.

437 2785 464 2829 ¹)
503 2786 580 2820 Hoc
607 2796 716 2819 unum
736 2784 896 2819 hocloco
923 2785 1058 2818 afferre
1084 2784 1191 2826 iuvat,
1220 2783 1367 2827 Augusti
1394 2785 1510 2817 aetate
1534 2783 1579 2816 de
1606 2785 1725 2816 nostra
1749 2781 1868 2815 fabula
1892 2781 2090 2824 opinionem
2118 2780 2296 2813 exstitisse
2323 2780 2428 2823 plane
2453 2781 2631 2815 diversam

222 2841 265 2878 ab
292 2844 460 2888 omnium,
486 2856 573 2889 quos
598 2845 635 2880 in
661 2844 903 2888 quaestionem
936 2842 1149 2886 vocavimus,
1184 2842 1394 2886 scriptorum
1427 2841 1645 2884 narratione;
1678 2840 1824 2875 Verrius
1851 2838 1994 2874 Flaccus
2026 2850 2103 2873 eam
2136 2837 2320 2882 amplexus
2352 2841 2424 2881 est3
2457 2839 2504 2874 cf.
2531 2838 2631 2875 Serv.

222 2903 311 2938 Aen.
343 2903 445 2947 VIII,
485 2906 569 2939 203:
609 2904 712 2947 ,Sane
750 2903 794 2937 de
832 2902 922 2938 Caco
959 2902 1172 2945 interempto
1210 2901 1253 2935 ab
1290 2901 1445 2935 Hercule
1476 2904 1548 2934 tam
1582 2900 1707 2934 Graeci
1741 2909 1843 2942 quam
1880 2898 2026 2931 Romani
2066 2898 2301 2940 consentiunt,
2328 2897 2447 2931 solus
2484 2898 2632 2932 Verrius

222 2960 369 2996 Flaccus
398 2962 485 2997 dicit
515 2963 694 2997 Garanum
732 2962 843 2996 fuisse
875 2963 1050 3004 pastorem
1082 2971 1288 3004 magnarum
1322 2960 1459 2999 virium,
1493 2959 1550 3003 qui
1583 2959 1712 2994 Cacum
1748 2957 1895 2992 adflixit·
1923 2969 1952 2990 c.
1973 2970 2005 2999 q.
2025 2969 2052 2991 s.
2103 2955 2156 2990 De
2196 2956 2260 2990 hoc
2297 2960 2426 2992 conatu
2463 2957 2632 3000 patrios

221 3019 347 3054 heroes
374 3020 621 3056 introducendi
653 3022 700 3056 cf.
727 3020 887 3063 Miinzer,
913 3019 935 3054 l.
963 3019 984 3053 l.
1013 3030 1045 3064 p.
1071 3022 1151 3054 602.

433 3091 463 3136 ⁸)
500 3092 612 3128 Recte
637 3090 795 3128 Cauerus
820 3090 856 3137 (l.
883 3090 904 3127 l.
932 3102 964 3135 p.
996 3091 1098 3135 1581)
1136 3089 1266 3125 iniuste
1298 3089 1451 3125 iudicare
1490 3089 1533 3123 de
1570 3090 1672 3133 poeta
1701 3087 1784 3122 dicit
1819 3088 1991 3131 putantes,
2025 3086 2128 3129 „dass
2161 3096 2201 3119 er
2225 3086 2282 3120 die
2314 3085 2502 3121 einzelnen
2535 3086 2631 3132 Ziige

218 3148 330 3183 durch
356 3150 540 3186 miihsame
565 3150 713 3186 Studien
739 3149 1090 3196 zusammengelesen
1115 3150 1211 3185 hat.“

430 3222 458 3267 ⁴)
498 3223 653 3257 Versum
688 3226 744 3258 25.
772 3233 791 3257 e
817 3222 987 3256 Varronis
1023 3221 1123 3255 libris
1148 3221 1298 3255 fluxisse
1335 3224 1430 3254 certo
1470 3230 1580 3263 paene
1615 3219 1745 3252 certius
1776 3227 1855 3253 esse
1891 3217 2050 3251 affirmat
2076 3216 2221 3252 Carolus
2253 3217 2406 3252 Schenkl
2435 3217 2630 3262 (Deutsche

218 3278 557 3326 Litteraturzeitung
586 3285 685 3325 1886,
714 3294 745 3327 p.
778 3282 873 3325 186);
912 3282 957 3316 cf.
985 3281 1182 3317 Rothstein.
1211 3281 1291 3315 odit.
1320 3283 1401 3313 tom.
1431 3280 1475 3314 11.
1504 3290 1534 3322 p.
1562 3281 1641 3320 289,
1669 3280 1735 3311 294
1764 3281 1798 3308 et
1826 3277 1973 3320 append.
2002 3287 2033 3320 p.
2061 3279 2141 3311 379.

2346 3342 2366 3372 ’ὖ
