2895 3832
1417 164 1472 210 10

243 311 385 364 atque,
418 306 686 363 quantumin
714 306 839 353 nobis
866 314 945 364 est,
977 307 1215 364 videamus,
1246 323 1304 353 an
1333 309 1377 352 in
1401 310 1538 353 ardua
1567 320 1645 351 sua
1666 311 1709 349 et
1732 305 1909 363 ancipiti
1930 304 2002 350 via
2022 305 2092 350 hic
2113 304 2202 350 illic
2222 305 2415 349 titubarit
2435 306 2656 351 Tuerkius.

241 379 290 422 In
320 378 437 434 quod
468 379 731 435 inquirentes
763 378 985 434 quominus
1016 379 1128 423 alias
1166 379 1202 423 si
1241 393 1353 436 quae
1392 384 1617 425 occurrent
1647 378 1935 434 difficultates,
1976 378 2128 434 quibus
2168 376 2331 421 mederi
2373 390 2398 420 e
2439 391 2484 421 re
2512 383 2659 422 nostra

239 450 332 506 erit,
366 452 423 501 ὡς,
450 450 491 493 ἐν
521 450 688 508 παρόδῳ
715 450 988 507 attingamus,
1024 450 1084 493 nil
1116 451 1308 508 impedit.

453 656 503 698 In
541 654 740 698 carminis
780 655 980 700 secundi
1019 654 1090 707 (de
1132 655 1378 709 Vertumno)
1422 656 1744 711 antiquitatibus
1791 654 1849 698 ad
1893 654 2053 698 fontem
2099 668 2219 698 suum
2262 652 2498 698 referendis
2543 652 2656 696 Livii

241 725 475 770 auctoritas
507 739 715 780 nusquam
737 725 946 770 excitatur
977 741 1004 770 a
1026 726 1116 770 viro
1151 727 1278 771 docto
1310 728 1454 783 itaque
1487 727 1592 772 satis
1623 727 1783 770 habere
1815 740 2039 782 possemus
2079 740 2174 770 cum
2210 725 2398 769 Tuerkio
2436 724 2656 779 ‚didicisse

240 797 504 854 Propertium
528 830 537 840 .
562 830 572 840 .
597 830 607 840 .
641 811 696 841 ex
725 797 916 841 Varrone
946 796 1169 854 hausisse',
1202 798 1285 843 nisi
1308 799 1511 856 Cauerus,
1545 798 1817 843 Tuerkianae
1842 797 2156 842 dissertationis
2183 811 2407 842 censuram
2433 795 2655 850 exhibens,

241 868 296 912 de
325 869 513 912 Varrone
553 873 727 912 auctore
756 868 1012 912 dubitationi
1041 869 1235 913 dedisset
1262 871 1414 925 locum,
1448 885 1542 915 cum
1570 871 1773 915 scriberet
1800 870 1842 925 (l.
1874 870 1901 914 l.
1933 883 1976 926 p.
2013 869 2164 926 1580):
2202 869 2287 926 „Es
2320 867 2534 925 empfiehlt
2565 866 2656 909 sich

241 940 311 984 die
341 939 565 984 Annahme
597 939 726 997 nicht,
759 939 864 984 dass
895 940 1082 998 Properz
1114 941 1234 986 diese
1265 942 1372 998 (scil.
1407 942 1477 986 die
1509 942 1800 1000 varronische)
1832 941 2077 997 Erziihlung
2107 941 2280 985 benutzt
2310 940 2397 997 hat,
2432 940 2489 984 da
2522 939 2655 983 Varro

240 1012 305 1056 als
336 1011 499 1056 Fiihrer
530 1011 608 1056 der
640 1012 936 1056 etruskischen
969 1013 1119 1070 Schar,
1162 1014 1325 1058 welche
1363 1015 1448 1058 den
1488 1014 1835 1059 Vertumnuskult
1865 1013 1975 1057 nach
2009 1014 2113 1056 Rom
2148 1013 2356 1069 gebracht
2385 1012 2528 1055 haben
2561 1009 2655 1065 soll,

241 1082 451 1126 Caelius
491 1082 726 1127 Vibenna
766 1088 912 1140 nennt,
954 1084 1161 1128 wahrend
1199 1085 1382 1142 Properz
1415 1085 1499 1130 den
1532 1086 1668 1130 Sohn
1700 1086 1790 1129 des
1823 1084 2142 1141 Lycomedes
2175 1085 2241 1128 als
2273 1084 2419 1127 Leiter
2451 1083 2526 1127 der
2558 1081 2655 1124 Ein-

239 1153 507 1211 wanderung
537 1154 830 1200 bezeichnet.“

453 1238 569 1282 Sane
601 1238 849 1295 Propertius
882 1239 1057 1283 exhibet
1088 1254 1128 1283 v.
1162 1242 1218 1283 49
1251 1253 1359 1295 sqq:

884 1311 952 1365 ,Et
983 1315 1041 1366 tu,
1074 1311 1223 1366 Roma,
1256 1310 1362 1354 meis
1394 1310 1577 1354 tribuisti
1608 1311 1801 1367 praemia
1832 1311 1997 1367 Tuscis,

884 1381 1007 1425 Unde
1040 1382 1170 1425 hodie
1202 1382 1319 1425 vicus
1352 1382 1524 1425 nomina
1556 1382 1719 1426 Tuscus
1751 1382 1896 1439 habet,
1964 1373 1966 1375 ’

884 1453 1094 1508 Tempore
1127 1467 1210 1507 quo
1243 1453 1372 1497 sociis
1404 1453 1519 1497 venit
1549 1453 1901 1509 Lycomedius
1933 1454 2062 1496 armis

880 1524 1019 1579 Atque
1052 1524 1216 1567 Sabina
1248 1523 1328 1566 seri
1361 1524 1551 1567 contudit
1582 1538 1702 1567 arma
1733 1524 1858 1567 Tati.'

452 1605 687 1649 Varronem
725 1610 873 1648 contra
910 1606 1081 1649 tradere
1127 1606 1321 1650 videmus
1354 1607 1407 1650 de
1445 1608 1547 1662 ling.
1581 1608 1655 1650 lat.
1696 1608 1744 1662 V,
1785 1609 1865 1650 46:
1913 1608 1975 1662 ,In
2014 1607 2267 1650 Suburanae
2309 1604 2497 1660 regionis
2533 1607 2654 1659 parte

239 1677 440 1733 princeps
469 1681 535 1719 est
558 1676 729 1718 Caelius
752 1689 874 1718 mons
903 1690 930 1718 a
954 1677 1075 1719 Cele
1097 1677 1348 1732 Vibenna,
1370 1678 1509 1721 Tusco
1531 1678 1639 1722 duce
1660 1678 1806 1733 nobili,
1836 1678 1907 1733 qui
1931 1691 2025 1721 cum
2048 1691 2126 1720 sua
2145 1690 2274 1719 manu
2299 1676 2451 1719 dicitur
2478 1673 2655 1717 Romulo

239 1748 414 1790 venisse
430 1747 590 1790 auxilio
612 1752 759 1789 contra
772 1748 942 1790 Tatium
957 1761 1120 1803 regem:
1145 1749 1243 1792 hinc
1257 1754 1355 1804 post
1370 1749 1483 1792 Celis
1502 1750 1676 1805 obitum,
1707 1749 1822 1804 quod
1848 1750 1972 1791 nimis
1999 1749 2160 1791 munita
2186 1749 2284 1792 loca
2305 1751 2500 1790 tenerent
2520 1758 2657 1799 neque

244 1819 337 1864 sine
372 1819 614 1876 suspicione
655 1824 811 1874 essent,
854 1818 1026 1863 deducti
1068 1820 1262 1863 dicuntur
1303 1820 1346 1863 in
1383 1821 1570 1876 planum.
1632 1822 1698 1865 Ab
1741 1821 1803 1865 eis
1842 1821 1978 1865 dictus
2020 1820 2137 1864 vicus
2171 1820 2334 1864 Tuscus
2376 1823 2419 1862 et
2459 1817 2557 1861 ideo
2599 1815 2659 1859 ibi

240 1891 516 1935 Vortumnum
547 1896 661 1934 stare
690 1890 806 1945 quod
826 1891 863 1934 is
886 1891 992 1934 deus
1013 1891 1210 1935 Etruriae
1230 1892 1458 1947 princeps'.
1515 1893 1710 1936 Maneret
1731 1892 1858 1947 igitur
1880 1892 2033 1935 Caueri
2055 1891 2278 1946 dubitatio,
2311 1891 2348 1933 si
2369 1888 2657 1946 Lycomedius

241 1966 358 2019 esset
377 1962 704 2018 patronymicon
726 1961 842 2016 quod
862 1966 1019 2006 vocant
1042 1969 1084 2005 et
1111 1962 1374 2017 significaret
1401 1962 1544 2018 ,filium
1565 1963 1853 2019 Lycomedis‘.
1906 1963 2000 2006 Nec
2031 1976 2132 2006 vero
2164 1961 2362 2005 reluctari
2395 1959 2657 2015 Propertium

243 2033 424 2076 Varroni
458 2033 682 2087 clarescet,
716 2032 753 2075 si
784 2033 913 2088 paulo
945 2033 1068 2076 altius
1100 2034 1436 2089 repetiverimus.

456 2104 633 2147 Veteres
664 2103 751 2146 iam
782 2104 1024 2159 scriptores,
1058 2105 1261 2158 quidnam
1282 2105 1474 2147 facerent
1507 2105 1716 2148 vocabulo
1750 2105 1983 2159 ,Lucumo‘,
2016 2104 2058 2146 in
2084 2104 2245 2147 incerto
2272 2103 2504 2146 habebant.
2551 2100 2659 2143 Huic

247 2175 317 2218 vel
360 2174 422 2217 illi
464 2174 697 2218 videbatur
741 2188 837 2218 esse
881 2189 1058 2219 nomen
1103 2175 1382 2231 proprium3
1427 2176 1556 2220 veluti
1601 2175 1655 2220 de
1699 2181 1843 2219 nostro
1887 2176 1981 2231 ipso
2024 2175 2131 2219 duce
2170 2175 2298 2218 Dion.
2337 2174 2434 2216 Hal.
2479 2172 2535 2227 II,
2580 2174 2659 2214 37:

244 2244 349 2303 ‘⁷er
381 2246 428 2287 δὲ
461 2244 569 2301 αὐτῷ
601 2244 812 2301 Τυῤῥηνῶν
844 2246 1066 2302 ἐπικουρίαν
1099 2247 1233 2301 ἱκανὴν
1266 2246 1373 2301 ἄγων
1405 2247 1449 2289 ἐκ
1482 2246 1680 2289 Σολωνίου
1712 2246 1869 2293 πόλεως
1908 2247 2004 2302 ἀνὴρ
2037 2246 2265 2303 δραστήριος
2304 2244 2369 2287 καὶ
2405 2244 2453 2285 τὰ
2490 2242 2659 2298 πολέμια

241 2317 448 2373 διαφανὴς,
490 2315 687 2371 Λοκόμων
727 2315 897 2372 ὄνομα,
940 2317 1055 2373 φίλος
1086 2317 1131 2359 οὐ
1163 2318 1237 2373 πρὸ
1280 2319 1428 2359 πολλοῦ
1465 2320 1663 2372 γεγονώς.6
1721 2317 1946 2372 Hodieque
1979 2322 2076 2360 sunt
2119 2316 2190 2371 qui
2234 2315 2277 2358 in
2321 2315 2432 2358 hunc
2476 2327 2660 2357 errorem

238 2387 475 2443 rapiantur.
529 2386 642 2431 Vicit
663 2400 765 2431 vero
788 2386 945 2431 dudum
967 2388 1193 2444 sententia,
1227 2401 1313 2443 qua
1334 2388 1523 2432 Lucumo
1553 2388 1766 2440 (Etruscez
1790 2387 2029 2445 ,lauchme’)
2055 2386 2247 2443 putanda
2276 2390 2341 2430 est
2367 2383 2663 2429 honorifica

239 2457 536 2513 appellatio
570 2457 800 2501 cuiusvis
832 2458 1035 2515 principis
1077 2459 1219 2515 Tusci,
1254 2458 1325 2514 qui
1356 2460 1586 2515 praecipue
1619 2459 1856 2504 sacerdotis
1888 2459 1980 2503 vice
2012 2458 2293 2514 fungebatur3
2335 2456 2421 2499 vid.
2455 2454 2660 2498 Niebuhr.

239 2530 292 2573 H.
333 2530 380 2574 R.
422 2529 456 2584 1,
503 2531 601 2585 137,
644 2529 689 2573 O.
722 2528 771 2574 Ο.
804 2530 981 2574 Mueller
1012 2530 1066 2574 de
1099 2531 1290 2575 Etruscis
1336 2531 1391 2583 ΙΙ,
1430 2532 1470 2587 2,
1503 2533 1544 2587 3,
1578 2545 1617 2587 p.
1651 2533 1750 2574 363.
1814 2531 1898 2574 Res
1931 2545 2033 2586 ergo
2067 2530 2128 2573 ita
2160 2543 2206 2573 se
2238 2529 2398 2573 habere
2429 2531 2585 2583 potest,
2618 2530 2663 2569 ut

238 2600 489 2657 Propertius
542 2614 808 2645 communem
849 2601 1050 2646 titulum
1100 2601 1407 2660 (Lycomedius
1435 2621 1493 2641 =
1524 2603 1747 2659 Lucumo),
1796 2603 1928 2646 Varro
1975 2615 2154 2646 nomen
2196 2599 2455 2658 proprium
2491 2598 2662 2652 (Caeles

240 2672 458 2728 Vibenna)
487 2673 718 2728 praebeat3
751 2672 804 2716 cf.
837 2673 952 2727 quod
978 2674 1237 2717 Niebuhrius
1267 2674 1320 2716 Η.
1348 2675 1397 2716 R.
1426 2675 1459 2730 1,
1492 2677 1579 2718 330
1612 2674 1666 2718 de
1698 2675 1782 2717 hac
1814 2675 2031 2717 nominum
2063 2672 2313 2717 confusione
2345 2670 2509 2714 adfert:
2544 2670 2662 2726 „Der

239 2743 497 2788 romulische
530 2744 722 2787 Lucumo
754 2744 810 2787 ist
840 2744 943 2788 kein
974 2744 1158 2789 anderer
1185 2745 1251 2788 als
1281 2744 1358 2787 der
1384 2744 1602 2789 tuskische
1629 2745 1902 2801 Hauptmann
1935 2744 2090 2788 Caeles
2121 2743 2329 2799 Vibenna,
2363 2741 2439 2785 der
2467 2740 2558 2795 sich
2585 2740 2662 2783 mit

238 2814 386 2858 seiner
409 2815 546 2859 Scbar
567 2814 647 2859 auf
658 2816 807 2871 Jenem
827 2815 981 2873 Berge,
1015 2816 1093 2860 der
1113 2816 1199 2860 den
1220 2816 1389 2860 Namen
1410 2830 1494 2860 von
1515 2815 1602 2858 ihm
1625 2815 1897 2873 empfangen,
1931 2814 2280 2871 niedergelassen
2307 2813 2450 2857 haben
2478 2810 2559 2856 soll
2583 2844 2592 2854 .
2616 2846 2625 2855 .
2652 2844 2661 2853 .

237 2886 321 2930 Die
353 2887 691 2943 Verdoppelung
722 2887 788 2930 als
820 2886 1011 2932 Lucumo
1044 2889 1130 2932 und
1163 2889 1229 2932 als
1263 2888 1434 2932 Caelius
1466 2888 1629 2932 kommt
1660 2901 1743 2931 von
1775 2887 1930 2943 denen,
1973 2887 2043 2930 die
2077 2889 2203 2942 jenes
2242 2885 2310 2928 fiir
2348 2884 2474 2928 einen
2505 2883 2661 2938 Eigen-

237 2971 396 3002 namen
428 2957 630 3002 hielten.“

451 3029 572 3081 Quod
611 3029 648 3074 si
688 3043 774 3074 non
814 3027 927 3074 falso
967 3030 1185 3087 conicitur,
1218 3030 1287 3075 vel
1342 3044 1437 3075 eam
1475 3031 1531 3075 ob
1566 3044 1741 3075 causam
1780 3029 1923 3075 dicere
1965 3044 2049 3075 non
2092 3029 2193 3074 licet
2235 3028 2290 3073 de
2334 3026 2665 3073 dissensione

236 3101 446 3157 Propertii
475 3115 529 3145 ac
561 3101 779 3145 Varronis.
843 3100 932 3144 Sed
970 3101 1086 3145 haud
1117 3102 1207 3146 scio
1243 3116 1300 3145 an
1336 3102 1490 3146 certius
1528 3116 1618 3146 rem
1650 3106 1839 3146 nostram
1883 3115 2014 3157 agere
2058 3101 2272 3158 possimus
2315 3100 2446 3144 aliam
2477 3096 2665 3154 amplexi

236 3172 646 3228 interpretationem,
680 3185 791 3227 quae
824 3185 1000 3215 manare
1032 3173 1199 3216 videtur
1231 3186 1285 3216 ex
1317 3172 1557 3228 insequenti
1589 3186 1674 3229 qua
1707 3186 1814 3229 opus
1846 3177 1912 3217 est
1942 3160 2250 3228 disquisitione.

451 3243 688 3299 Superesse
722 3243 836 3286 enim
868 3242 923 3285 de
956 3257 1038 3298 quo
1072 3244 1303 3299 disceptari
1336 3245 1473 3299 possit
1503 3244 1644 3288 video.
1704 3244 1894 3297 Quaerat
1918 3243 2066 3288 forsan
2092 3243 2209 3299 quis:
2242 3244 2310 3286 An
2342 3239 2660 3299 ,Lycomedius‘

235 3314 351 3357 idem
382 3319 448 3357 est
478 3328 531 3357 ac
564 3314 816 3370 ,Lucumo‘?
