<?xml version="1.0" encoding="UTF-8"?>
<!DOCTYPE html PUBLIC "-//W3C//DTD XHTML 1.0 Transitional//EN"
    "http://www.w3.org/TR/xhtml1/DTD/xhtml1-transitional.dtd">
<html xmlns="http://www.w3.org/1999/xhtml" xml:lang="en" lang="en">
 <head>
  <title>
</title>
<meta http-equiv="Content-Type" content="text/html;charset=utf-8" />
  <meta name='ocr-system' content='tesseract 3.04.00' />
  <meta name='ocr-capabilities' content='ocr_page ocr_carea ocr_par ocr_line ocrx_word'/>
</head>
<body>
  <div class='ocr_page' id='page_1' title='image "4770470_0029.png"; bbox 0 0 2895 3832; ppageno 0'>
   <div class='ocr_carea' id='block_1_1' title="bbox 1408 217 1460 258">
    <p class='ocr_par' dir='ltr' id='par_1_1' title="bbox 1408 217 1460 258">
     <span class='ocr_line' id='line_1_1' title="bbox 1408 217 1460 258; baseline 0 0"><span class='ocrx_word' id='word_1_1' title='bbox 1408 217 1460 258; x_wconf 81' lang='lat'><strong>21</strong></span> 
     </span>
    </p>
   </div>
   <div class='ocr_carea' id='block_1_2' title="bbox 1332 277 1541 281">
    <p class='ocr_par' dir='ltr' id='par_1_2' title="bbox 1332 277 1541 281">
     <span class='ocr_line' id='line_1_2' title="bbox 1332 277 1541 281; baseline 0 0"><span class='ocrx_word' id='word_1_2' title='bbox 1332 277 1541 281; x_wconf 95' lang='lat' dir='ltr'><strong> </strong></span> 
     </span>
    </p>
   </div>
   <div class='ocr_carea' id='block_1_3' title="bbox 229 356 2644 3046">
    <p class='ocr_par' dir='ltr' id='par_1_3' title="bbox 232 356 2640 556">
     <span class='ocr_line' id='line_1_3' title="bbox 233 356 2640 414; baseline 0 -15"><span class='ocrx_word' id='word_1_3' title='bbox 233 358 322 399; x_wconf 86' lang='lat' dir='ltr'>dixi</span> <span class='ocrx_word' id='word_1_4' title='bbox 354 358 412 400; x_wconf 89' lang='lat' dir='ltr'><strong>ad</strong></span> <span class='ocrx_word' id='word_1_5' title='bbox 443 371 615 401; x_wconf 88' lang='lat' dir='ltr'><strong>carmen</strong></span> <span class='ocrx_word' id='word_1_6' title='bbox 647 370 803 400; x_wconf 89' lang='lat' dir='ltr'><strong>nonum</strong></span> <span class='ocrx_word' id='word_1_7' title='bbox 818 360 858 410; x_wconf 89' lang='grc'><strong>1).</strong></span> <span class='ocrx_word' id='word_1_8' title='bbox 901 358 1027 409; x_wconf 83' lang='lat' dir='ltr'><strong>Quod</strong></span> <span class='ocrx_word' id='word_1_9' title='bbox 1058 358 1093 402; x_wconf 90' lang='lat' dir='ltr'><strong>si</strong></span> <span class='ocrx_word' id='word_1_10' title='bbox 1125 356 1442 414; x_wconf 77' lang='lat' dir='ltr'><strong>probabilitatis</strong></span> <span class='ocrx_word' id='word_1_11' title='bbox 1464 370 1550 401; x_wconf 91' lang='lat' dir='ltr'><strong>non</strong></span> <span class='ocrx_word' id='word_1_12' title='bbox 1571 362 1637 400; x_wconf 89' lang='lat' dir='ltr'><strong>est</strong></span> <span class='ocrx_word' id='word_1_13' title='bbox 1658 357 1868 409; x_wconf 80' lang='lat' dir='ltr'><strong>absimile,</strong></span> <span class='ocrx_word' id='word_1_14' title='bbox 1902 356 1974 412; x_wconf 86' lang='lat' dir='ltr'><strong>qui</strong></span> <span class='ocrx_word' id='word_1_15' title='bbox 1995 356 2182 401; x_wconf 76' lang='lat' dir='ltr'><strong>Tacrkio</strong></span> <span class='ocrx_word' id='word_1_16' title='bbox 2205 357 2413 401; x_wconf 73' lang='lat' dir='ltr'><strong>concedet</strong></span> <span class='ocrx_word' id='word_1_17' title='bbox 2432 356 2640 413; x_wconf 80' lang='lat' dir='ltr'><strong>Propertii</strong></span> 
     </span>
     <span class='ocr_line' id='line_1_4' title="bbox 233 427 2640 484; baseline 0 -13"><span class='ocrx_word' id='word_1_18' title='bbox 233 442 327 471; x_wconf 90' lang='lat' dir='ltr'><strong>cum</strong></span> <span class='ocrx_word' id='word_1_19' title='bbox 358 430 519 471; x_wconf 88' lang='lat' dir='ltr'><strong>Livio</strong></span> <span class='ocrx_word' id='word_1_20' title='bbox 551 428 883 484; x_wconf 74' lang='lat' dir='ltr'><strong>similitudinem,</strong></span> <span class='ocrx_word' id='word_1_21' title='bbox 929 429 1043 473; x_wconf 79' lang='lat' dir='ltr'><strong>idem</strong></span> <span class='ocrx_word' id='word_1_22' title='bbox 1074 433 1237 473; x_wconf 89' lang='lat' dir='ltr'><strong>statuat</strong></span> <span class='ocrx_word' id='word_1_23' title='bbox 1266 441 1447 473; x_wconf 86' lang='lat' dir='ltr'><strong>necesse</strong></span> <span class='ocrx_word' id='word_1_24' title='bbox 1478 433 1545 472; x_wconf 90' lang='lat' dir='ltr'><strong>est</strong></span> <span class='ocrx_word' id='word_1_25' title='bbox 1575 432 1825 472; x_wconf 81' lang='lat' dir='ltr'><strong>concentum</strong></span> <span class='ocrx_word' id='word_1_26' title='bbox 1855 428 1965 472; x_wconf 88' lang='lat' dir='ltr'><strong>inter</strong></span> <span class='ocrx_word' id='word_1_27' title='bbox 1994 427 2261 484; x_wconf 82' lang='lat' dir='ltr'><strong>Propertium</strong></span> <span class='ocrx_word' id='word_1_28' title='bbox 2299 433 2342 472; x_wconf 88' lang='lat' dir='ltr'><strong>ct</strong></span> <span class='ocrx_word' id='word_1_29' title='bbox 2377 442 2640 473; x_wconf 87' lang='lat' dir='ltr'><strong>communem</strong></span> 
     </span>
     <span class='ocr_line' id='line_1_5' title="bbox 232 498 2637 556; baseline 0 -15"><span class='ocrx_word' id='word_1_30' title='bbox 232 500 342 542; x_wconf 88' lang='lat' dir='ltr'><strong>Livii</strong></span> <span class='ocrx_word' id='word_1_31' title='bbox 367 500 651 556; x_wconf 85' lang='lat' dir='ltr'><strong>Dionysiiquc</strong></span> <span class='ocrx_word' id='word_1_32' title='bbox 671 499 844 543; x_wconf 83' lang='lat' dir='ltr'><strong>sontem.</strong></span> <span class='ocrx_word' id='word_1_33' title='bbox 907 500 1018 543; x_wconf 89' lang='lat' dir='ltr'><strong>Hinc</strong></span> <span class='ocrx_word' id='word_1_34' title='bbox 1039 500 1144 543; x_wconf 91' lang='lat' dir='ltr'><strong>lucri</strong></span> <span class='ocrx_word' id='word_1_35' title='bbox 1164 499 1383 556; x_wconf 82' lang='lat' dir='ltr'><strong>quidpiam</strong></span> <span class='ocrx_word' id='word_1_36' title='bbox 1405 499 1586 543; x_wconf 82' lang='lat' dir='ltr'><strong>exsistat</strong></span> <span class='ocrx_word' id='word_1_37' title='bbox 1608 500 1641 542; x_wconf 96' lang='lat' dir='ltr'>V</span> <span class='ocrx_word' id='word_1_38' title='bbox 1656 512 1900 543; x_wconf 90' lang='lat' dir='ltr'><strong>arronem</strong></span> <span class='ocrx_word' id='word_1_39' title='bbox 1922 498 2131 555; x_wconf 84' lang='lat' dir='ltr'><strong>Propertii</strong></span> <span class='ocrx_word' id='word_1_40' title='bbox 2157 503 2375 552; x_wconf 83' lang='lat' dir='ltr'><strong>auctorem</strong></span> <span class='ocrx_word' id='word_1_41' title='bbox 2395 498 2637 542; x_wconf 84' lang='lat' dir='ltr'><strong>affirmanti.</strong></span> 
     </span>
    </p>

    <p class='ocr_par' dir='ltr' id='par_1_4' title="bbox 232 569 2644 982">
     <span class='ocr_line' id='line_1_6' title="bbox 442 569 2641 626; baseline -0 -12"><span class='ocrx_word' id='word_1_42' title='bbox 442 572 498 614; x_wconf 87' lang='lat' dir='ltr'><strong>At</strong></span> <span class='ocrx_word' id='word_1_43' title='bbox 546 584 639 614; x_wconf 89' lang='lat' dir='ltr'><strong>cum</strong></span> <span class='ocrx_word' id='word_1_44' title='bbox 690 576 820 626; x_wconf 87' lang='lat' dir='ltr'><strong>pocta</strong></span> <span class='ocrx_word' id='word_1_45' title='bbox 868 576 1012 614; x_wconf 90' lang='lat' dir='ltr'><strong>nostro</strong></span> <span class='ocrx_word' id='word_1_46' title='bbox 1062 571 1207 614; x_wconf 90' lang='lat' dir='ltr'><strong>malim</strong></span> <span class='ocrx_word' id='word_1_47' title='bbox 1256 584 1511 626; x_wconf 86' lang='lat' dir='ltr'><strong>componere</strong></span> <span class='ocrx_word' id='word_1_48' title='bbox 1560 570 1735 614; x_wconf 89' lang='lat' dir='ltr'><strong>alterius</strong></span> <span class='ocrx_word' id='word_1_49' title='bbox 1779 571 2001 614; x_wconf 89' lang='lat' dir='ltr'><strong>sectatoris</strong></span> <span class='ocrx_word' id='word_1_50' title='bbox 2046 570 2298 614; x_wconf 89' lang='lat' dir='ltr'><strong>Varroniani</strong></span> <span class='ocrx_word' id='word_1_51' title='bbox 2341 569 2641 625; x_wconf 73' lang='lat' dir='ltr'><strong>narrationem,</strong></span> 
     </span>
     <span class='ocr_line' id='line_1_7' title="bbox 237 630 2642 698; baseline 0 -14"><span class='ocrx_word' id='word_1_52' title='bbox 237 641 467 697; x_wconf 83' lang='lat' dir='ltr'><strong>Plutarchi,</strong></span> <span class='ocrx_word' id='word_1_53' title='bbox 490 655 583 684; x_wconf 90' lang='lat' dir='ltr'><strong>cum</strong></span> <span class='ocrx_word' id='word_1_54' title='bbox 605 642 855 698; x_wconf 62' lang='lat' dir='ltr'><strong>praesertim</strong></span> <span class='ocrx_word' id='word_1_55' title='bbox 877 641 920 685; x_wconf 90' lang='lat' dir='ltr'><strong>is</strong></span> <span class='ocrx_word' id='word_1_56' title='bbox 942 641 1205 698; x_wconf 88' lang='lat' dir='ltr'><strong>singulare</strong></span> <span class='ocrx_word' id='word_1_57' title='bbox 1226 630 1432 698; x_wconf 88' lang='lat' dir='ltr'><strong>proelium</strong></span> <span class='ocrx_word' id='word_1_58' title='bbox 1454 642 1564 686; x_wconf 87' lang='lat' dir='ltr'><strong>inter</strong></span> <span class='ocrx_word' id='word_1_59' title='bbox 1577 641 1798 685; x_wconf 89' lang='lat' dir='ltr'><strong>Romulum</strong></span> <span class='ocrx_word' id='word_1_60' title='bbox 1820 646 1862 685; x_wconf 90' lang='lat' dir='ltr'><strong>et</strong></span> <span class='ocrx_word' id='word_1_61' title='bbox 1881 643 2104 686; x_wconf 86' lang='lat' dir='ltr'><strong>Acrontem</strong></span> <span class='ocrx_word' id='word_1_62' title='bbox 2125 640 2397 686; x_wconf 90' lang='lat' dir='ltr'><strong>commissum</strong></span> <span class='ocrx_word' id='word_1_63' title='bbox 2416 639 2642 684; x_wconf 76' lang='lat' dir='ltr'><strong>describat.</strong></span> 
     </span>
     <span class='ocr_line' id='line_1_8' title="bbox 232 709 2642 769; baseline 0.001 -15"><span class='ocrx_word' id='word_1_64' title='bbox 232 715 296 754; x_wconf 93' lang='lat' dir='ltr'><strong>Ac</strong></span> <span class='ocrx_word' id='word_1_65' title='bbox 339 713 468 754; x_wconf 84' lang='lat' dir='ltr'><strong>refert</strong></span> <span class='ocrx_word' id='word_1_66' title='bbox 510 713 691 766; x_wconf 89' lang='lat' dir='ltr'><strong>scriptor</strong></span> <span class='ocrx_word' id='word_1_67' title='bbox 735 712 927 754; x_wconf 87' lang='lat' dir='ltr'><strong>Graecus</strong></span> <span class='ocrx_word' id='word_1_68' title='bbox 978 712 1076 763; x_wconf 90' lang='lat' dir='ltr'><strong>(Vit.</strong></span> <span class='ocrx_word' id='word_1_69' title='bbox 1120 709 1238 754; x_wconf 87' lang='lat' dir='ltr'><strong>Rom.</strong></span> <span class='ocrx_word' id='word_1_70' title='bbox 1290 725 1324 754; x_wconf 94' lang='lat' dir='ltr'><strong>c.</strong></span> <span class='ocrx_word' id='word_1_71' title='bbox 1378 715 1464 766; x_wconf 87' lang='lat'>16):</span> <span class='ocrx_word' id='word_1_72' title='bbox 1518 711 1742 769; x_wconf 82' lang='grc' dir='ltr'>,Γενόμενοι</span> <span class='ocrx_word' id='word_1_73' title='bbox 1790 711 1868 754; x_wconf 87' lang='grc' dir='ltr'>δ’ἐν</span> <span class='ocrx_word' id='word_1_74' title='bbox 1919 711 2009 769; x_wconf 77' lang='grc' dir='ltr'>ὄψει</span> <span class='ocrx_word' id='word_1_75' title='bbox 2058 712 2123 755; x_wconf 86' lang='grc' dir='ltr'><strong>καὶ</strong></span> <span class='ocrx_word' id='word_1_76' title='bbox 2166 710 2390 758; x_wconf 79' lang='grc' dir='ltr'>κατιδόντες</span> <span class='ocrx_word' id='word_1_77' title='bbox 2432 709 2642 766; x_wconf 72' lang='grc' dir='ltr'>ἀλλήλους,</span> 
     </span>
     <span class='ocr_line' id='line_1_9' title="bbox 237 780 2643 840; baseline -0 -15"><span class='ocrx_word' id='word_1_78' title='bbox 237 783 527 840; x_wconf 81' lang='grc' dir='ltr'>προύκαλοῦντο</span> <span class='ocrx_word' id='word_1_79' title='bbox 567 784 784 839; x_wconf 79' lang='grc' dir='ltr'>μάχεσθαι,</span> <span class='ocrx_word' id='word_1_80' title='bbox 825 787 901 825; x_wconf 88' lang='grc' dir='ltr'>τῶν</span> <span class='ocrx_word' id='word_1_81' title='bbox 945 785 1246 839; x_wconf 80' lang='grc' dir='ltr'>στρατευμάτων</span> <span class='ocrx_word' id='word_1_82' title='bbox 1290 784 1330 824; x_wconf 86' lang='grc' dir='ltr'>ἐν</span> <span class='ocrx_word' id='word_1_83' title='bbox 1367 788 1445 829; x_wconf 85' lang='grc' dir='ltr'>τοῖς</span> <span class='ocrx_word' id='word_1_84' title='bbox 1481 785 1613 830; x_wconf 73' lang='grc' dir='ltr'>ὅπλοις</span> <span class='ocrx_word' id='word_1_85' title='bbox 1651 783 1935 840; x_wconf 78' lang='grc' dir='ltr'>ἀτρεμούντων.</span> <span class='ocrx_word' id='word_1_86' title='bbox 1999 781 2220 840; x_wconf 81' lang='grc' dir='ltr'>Εὐξάμενος</span> <span class='ocrx_word' id='word_1_87' title='bbox 2257 782 2324 826; x_wconf 82' lang='grc' dir='ltr'>οὖν</span> <span class='ocrx_word' id='word_1_88' title='bbox 2365 783 2386 825; x_wconf 81' lang='grc' dir='ltr'>ὁ</span> <span class='ocrx_word' id='word_1_89' title='bbox 2417 780 2643 838; x_wconf 80' lang='grc' dir='ltr'>Ῥωμύλος,</span> 
     </span>
     <span class='ocr_line' id='line_1_10' title="bbox 240 853 2644 912; baseline -0 -16"><span class='ocrx_word' id='word_1_90' title='bbox 240 856 275 896; x_wconf 85' lang='grc' dir='ltr'><strong>εἰ</strong></span> <span class='ocrx_word' id='word_1_91' title='bbox 314 856 520 911; x_wconf 80' lang='grc' dir='ltr'>κρατήσειε</span> <span class='ocrx_word' id='word_1_92' title='bbox 551 856 618 895; x_wconf 84' lang='grc' dir='ltr'><strong>καὶ</strong></span> <span class='ocrx_word' id='word_1_93' title='bbox 650 855 881 911; x_wconf 83' lang='grc' dir='ltr'>καταβάλοι,</span> <span class='ocrx_word' id='word_1_94' title='bbox 922 858 978 910; x_wconf 81' lang='grc' dir='ltr'><strong>τῷ</strong></span> <span class='ocrx_word' id='word_1_95' title='bbox 1016 854 1075 895; x_wconf 86' lang='grc' dir='ltr'><strong>Διὶ</strong></span> <span class='ocrx_word' id='word_1_96' title='bbox 1111 854 1243 911; x_wconf 81' lang='grc' dir='ltr'>φέρων</span> <span class='ocrx_word' id='word_1_97' title='bbox 1281 855 1495 911; x_wconf 76' lang='grc' dir='ltr'>ἀναθήσειν</span> <span class='ocrx_word' id='word_1_98' title='bbox 1533 855 1650 901; x_wconf 80' lang='grc' dir='ltr'>αὐτὸς</span> <span class='ocrx_word' id='word_1_99' title='bbox 1680 856 1728 897; x_wconf 82' lang='grc' dir='ltr'><strong>τὰ</strong></span> <span class='ocrx_word' id='word_1_100' title='bbox 1761 856 1864 896; x_wconf 80' lang='grc' dir='ltr'>ὅπλα</span> <span class='ocrx_word' id='word_1_101' title='bbox 1896 858 1963 896; x_wconf 82' lang='grc' dir='ltr'><strong>τοῦ</strong></span> <span class='ocrx_word' id='word_1_102' title='bbox 1997 855 2147 912; x_wconf 75' lang='grc' dir='ltr'>ἀνδρὸς,</span> <span class='ocrx_word' id='word_1_103' title='bbox 2180 854 2297 897; x_wconf 78' lang='grc' dir='ltr'>αὐτόν</span> <span class='ocrx_word' id='word_1_104' title='bbox 2327 869 2369 897; x_wconf 85' lang='grc' dir='ltr'><strong>τε</strong></span> <span class='ocrx_word' id='word_1_105' title='bbox 2401 853 2644 912; x_wconf 74' lang='grc' dir='ltr'>καταβάλλει</span> 
     </span>
     <span class='ocr_line' id='line_1_11' title="bbox 236 926 1231 982; baseline -0.001 -14"><span class='ocrx_word' id='word_1_106' title='bbox 236 927 456 982; x_wconf 49' lang='grc' dir='ltr'>κρατήσαςῆ</span> <span class='ocrx_word' id='word_1_107' title='bbox 519 926 764 981; x_wconf 84' lang='lat' dir='ltr'><strong>Propertius</strong></span> <span class='ocrx_word' id='word_1_108' title='bbox 795 926 933 981; x_wconf 86' lang='lat' dir='ltr'><strong>pingit</strong></span> <span class='ocrx_word' id='word_1_109' title='bbox 963 941 1002 968; x_wconf 89' lang='lat' dir='ltr'><strong>v.</strong></span> <span class='ocrx_word' id='word_1_110' title='bbox 1039 928 1091 968; x_wconf 89' lang='grc'><strong>13</strong></span> <span class='ocrx_word' id='word_1_111' title='bbox 1125 941 1231 981; x_wconf 91' lang='lat' dir='ltr'><strong>sqq.:</strong></span> 
     </span>
    </p>

    <p class='ocr_par' dir='ltr' id='par_1_5' title="bbox 804 996 2006 1052">
     <span class='ocr_line' id='line_1_12' title="bbox 804 996 2006 1052; baseline -0.001 -12"><span class='ocrx_word' id='word_1_112' title='bbox 804 996 942 1050; x_wconf 89' lang='lat' dir='ltr'><strong>,Hunc</strong></span> <span class='ocrx_word' id='word_1_113' title='bbox 973 996 1091 1041; x_wconf 88' lang='lat' dir='ltr'><strong>videt</strong></span> <span class='ocrx_word' id='word_1_114' title='bbox 1122 1002 1222 1041; x_wconf 87' lang='lat' dir='ltr'><strong>ante</strong></span> <span class='ocrx_word' id='word_1_115' title='bbox 1254 1011 1385 1042; x_wconf 88' lang='lat' dir='ltr'><strong>cavas</strong></span> <span class='ocrx_word' id='word_1_116' title='bbox 1417 998 1642 1042; x_wconf 83' lang='lat' dir='ltr'><strong>librantem</strong></span> <span class='ocrx_word' id='word_1_117' title='bbox 1675 998 1840 1052; x_wconf 87' lang='lat' dir='ltr'><strong>spicula</strong></span> <span class='ocrx_word' id='word_1_118' title='bbox 1870 1002 2006 1039; x_wconf 81' lang='lat' dir='ltr'><strong>turres</strong></span> 
     </span>
    </p>

    <p class='ocr_par' dir='ltr' id='par_1_6' title="bbox 803 1068 1716 1125">
     <span class='ocr_line' id='line_1_13' title="bbox 803 1068 1716 1125; baseline 0 -14"><span class='ocrx_word' id='word_1_119' title='bbox 803 1068 1004 1112; x_wconf 88' lang='lat' dir='ltr'><strong>Romulus</strong></span> <span class='ocrx_word' id='word_1_120' title='bbox 1037 1072 1080 1112; x_wconf 90' lang='lat' dir='ltr'><strong>et</strong></span> <span class='ocrx_word' id='word_1_121' title='bbox 1109 1068 1219 1113; x_wconf 87' lang='lat' dir='ltr'><strong>votis</strong></span> <span class='ocrx_word' id='word_1_122' title='bbox 1252 1074 1433 1125; x_wconf 89' lang='lat' dir='ltr'><strong>occupat</strong></span> <span class='ocrx_word' id='word_1_123' title='bbox 1464 1074 1564 1113; x_wconf 88' lang='lat' dir='ltr'><strong>ante</strong></span> <span class='ocrx_word' id='word_1_124' title='bbox 1595 1068 1716 1112; x_wconf 88' lang='lat' dir='ltr'><strong>ratis:</strong></span> 
     </span>
    </p>

    <p class='ocr_par' dir='ltr' id='par_1_7' title="bbox 803 1138 2054 1195">
     <span class='ocr_line' id='line_1_14' title="bbox 803 1138 2054 1195; baseline 0.001 -15"><span class='ocrx_word' id='word_1_125' title='bbox 803 1138 1033 1195; x_wconf 86' lang='lat' dir='ltr'><strong>„luppiter,</strong></span> <span class='ocrx_word' id='word_1_126' title='bbox 1065 1139 1174 1183; x_wconf 89' lang='lat' dir='ltr'><strong>haec</strong></span> <span class='ocrx_word' id='word_1_127' title='bbox 1205 1139 1334 1184; x_wconf 89' lang='lat' dir='ltr'><strong>hodie</strong></span> <span class='ocrx_word' id='word_1_128' title='bbox 1365 1140 1441 1182; x_wconf 87' lang='lat' dir='ltr'><strong>tibi</strong></span> <span class='ocrx_word' id='word_1_129' title='bbox 1474 1139 1646 1183; x_wconf 83' lang='lat' dir='ltr'><strong>vict-ima</strong></span> <span class='ocrx_word' id='word_1_130' title='bbox 1676 1142 1842 1183; x_wconf 87' lang='lat' dir='ltr'><strong>corruet</strong></span> <span class='ocrx_word' id='word_1_131' title='bbox 1872 1139 2054 1182; x_wconf 64' lang='lat' dir='ltr'><strong>Acron!-</strong></span> 
     </span>
    </p>

    <p class='ocr_par' dir='ltr' id='par_1_8' title="bbox 234 1209 2643 1479">
     <span class='ocr_line' id='line_1_15' title="bbox 808 1209 1741 1266; baseline 0.001 -15"><span class='ocrx_word' id='word_1_132' title='bbox 808 1209 1011 1252; x_wconf 87' lang='lat' dir='ltr'><strong>Voverat:</strong></span> <span class='ocrx_word' id='word_1_133' title='bbox 1043 1214 1086 1253; x_wconf 91' lang='lat' dir='ltr'><strong>et</strong></span> <span class='ocrx_word' id='word_1_134' title='bbox 1117 1210 1300 1266; x_wconf 86' lang='lat' dir='ltr'><strong>spolium</strong></span> <span class='ocrx_word' id='word_1_135' title='bbox 1332 1211 1487 1254; x_wconf 88' lang='lat' dir='ltr'><strong>corruit</strong></span> <span class='ocrx_word' id='word_1_136' title='bbox 1517 1211 1589 1254; x_wconf 89' lang='lat' dir='ltr'><strong>ille</strong></span> <span class='ocrx_word' id='word_1_137' title='bbox 1622 1210 1741 1254; x_wconf 63' lang='lat' dir='ltr'><strong>Iovi!</strong></span> 
     </span>
     <span class='ocr_line' id='line_1_16' title="bbox 237 1279 2641 1341; baseline -0 -19"><span class='ocrx_word' id='word_1_138' title='bbox 237 1280 501 1324; x_wconf 86' lang='lat' dir='ltr'><strong>Persimilem</strong></span> <span class='ocrx_word' id='word_1_139' title='bbox 543 1294 648 1336; x_wconf 87' lang='lat' dir='ltr'><strong>prae</strong></span> <span class='ocrx_word' id='word_1_140' title='bbox 682 1294 728 1341; x_wconf 82' lang='lat' dir='ltr'><strong>sc</strong></span> <span class='ocrx_word' id='word_1_141' title='bbox 760 1279 842 1323; x_wconf 83' lang='lat' dir='ltr'><strong>sert</strong></span> <span class='ocrx_word' id='word_1_142' title='bbox 885 1280 1073 1336; x_wconf 89' lang='lat' dir='ltr'><strong>speciem</strong></span> <span class='ocrx_word' id='word_1_143' title='bbox 1110 1294 1293 1324; x_wconf 86' lang='lat' dir='ltr'><strong>nervosa</strong></span> <span class='ocrx_word' id='word_1_144' title='bbox 1333 1286 1375 1324; x_wconf 86' lang='lat' dir='ltr'><strong>et</strong></span> <span class='ocrx_word' id='word_1_145' title='bbox 1411 1281 1655 1337; x_wconf 90' lang='lat' dir='ltr'><strong>ponderosa</strong></span> <span class='ocrx_word' id='word_1_146' title='bbox 1687 1280 1882 1336; x_wconf 85' lang='lat' dir='ltr'><strong>repetitio</strong></span> <span class='ocrx_word' id='word_1_147' title='bbox 1927 1281 2164 1334; x_wconf 84' lang='lat' dir='ltr'><strong>verborum,</strong></span> <span class='ocrx_word' id='word_1_148' title='bbox 2208 1280 2321 1335; x_wconf 88' lang='lat' dir='ltr'><strong>apud</strong></span> <span class='ocrx_word' id='word_1_149' title='bbox 2359 1279 2641 1335; x_wconf 87' lang='lat' dir='ltr'><strong>Propertium:</strong></span> 
     </span>
     <span class='ocr_line' id='line_1_17' title="bbox 234 1350 2643 1408; baseline -0.001 -14"><span class='ocrx_word' id='word_1_150' title='bbox 234 1351 362 1404; x_wconf 87' lang='lat' dir='ltr'><strong>‚baec</strong></span> <span class='ocrx_word' id='word_1_151' title='bbox 409 1351 582 1394; x_wconf 87' lang='lat' dir='ltr'><strong>victima</strong></span> <span class='ocrx_word' id='word_1_152' title='bbox 625 1356 792 1394; x_wconf 86' lang='lat' dir='ltr'><strong>corruet.</strong></span> <span class='ocrx_word' id='word_1_153' title='bbox 835 1352 991 1394; x_wconf 92' lang='lat' dir='ltr'><strong>Acron:</strong></span> <span class='ocrx_word' id='word_1_154' title='bbox 1044 1352 1225 1408; x_wconf 80' lang='lat' dir='ltr'><strong>spolium</strong></span> <span class='ocrx_word' id='word_1_155' title='bbox 1269 1352 1424 1396; x_wconf 88' lang='lat' dir='ltr'><strong>corruit</strong></span> <span class='ocrx_word' id='word_1_156' title='bbox 1463 1352 1534 1396; x_wconf 90' lang='lat' dir='ltr'><strong>ille</strong></span> <span class='ocrx_word' id='word_1_157' title='bbox 1579 1352 1697 1406; x_wconf 83' lang='lat' dir='ltr'><strong>lovi‘,</strong></span> <span class='ocrx_word' id='word_1_158' title='bbox 1743 1351 1858 1407; x_wconf 90' lang='lat' dir='ltr'><strong>apud</strong></span> <span class='ocrx_word' id='word_1_159' title='bbox 1902 1350 2188 1394; x_wconf 77' lang='lat' dir='ltr'><strong>Plutarchum:</strong></span> <span class='ocrx_word' id='word_1_160' title='bbox 2239 1352 2289 1399; x_wconf 80' lang='grc' dir='ltr'><strong>,εἰ</strong></span> <span class='ocrx_word' id='word_1_161' title='bbox 2330 1352 2534 1407; x_wconf 77' lang='grc' dir='ltr'>κρατήσειε</span> <span class='ocrx_word' id='word_1_162' title='bbox 2576 1351 2643 1391; x_wconf 80' lang='grc' dir='ltr'><strong>καὶ</strong></span> 
     </span>
     <span class='ocr_line' id='line_1_18' title="bbox 234 1421 1222 1479; baseline 0.002 -16"><span class='ocrx_word' id='word_1_163' title='bbox 234 1422 473 1478; x_wconf 85' lang='grc' dir='ltr'>καταβάλοι;</span> <span class='ocrx_word' id='word_1_164' title='bbox 508 1421 625 1463; x_wconf 83' lang='grc' dir='ltr'>αὐτόν</span> <span class='ocrx_word' id='word_1_165' title='bbox 656 1438 699 1463; x_wconf 89' lang='grc' dir='ltr'><strong>τε</strong></span> <span class='ocrx_word' id='word_1_166' title='bbox 730 1423 970 1479; x_wconf 84' lang='grc' dir='ltr'>καταβάλλει</span> <span class='ocrx_word' id='word_1_167' title='bbox 1001 1424 1222 1479; x_wconf 72' lang='grc' dir='ltr'><strong>κρατήσας.6</strong></span> 
     </span>
    </p>

    <p class='ocr_par' dir='ltr' id='par_1_9' title="bbox 450 1492 1296 1549">
     <span class='ocr_line' id='line_1_19' title="bbox 450 1492 1296 1549; baseline 0.001 -14"><span class='ocrx_word' id='word_1_168' title='bbox 450 1492 701 1548; x_wconf 85' lang='lat' dir='ltr'><strong>Comparari</strong></span> <span class='ocrx_word' id='word_1_169' title='bbox 733 1507 858 1548; x_wconf 88' lang='lat' dir='ltr'><strong>porro</strong></span> <span class='ocrx_word' id='word_1_170' title='bbox 891 1499 1068 1549; x_wconf 88' lang='lat' dir='ltr'><strong>possunt</strong></span> <span class='ocrx_word' id='word_1_171' title='bbox 1099 1508 1135 1537; x_wconf 90' lang='lat' dir='ltr'><strong>v.</strong></span> <span class='ocrx_word' id='word_1_172' title='bbox 1168 1496 1194 1537; x_wconf 90' lang='lat'>9</span> <span class='ocrx_word' id='word_1_173' title='bbox 1217 1507 1296 1548; x_wconf 79' lang='lat' dir='ltr'><strong>sq:</strong></span> 
     </span>
    </p>

    <p class='ocr_par' dir='ltr' id='par_1_10' title="bbox 873 1565 1945 1619">
     <span class='ocr_line' id='line_1_20' title="bbox 873 1565 1945 1619; baseline 0 -13"><span class='ocrx_word' id='word_1_174' title='bbox 873 1566 1025 1619; x_wconf 87' lang='lat' dir='ltr'><strong>‚Acron</strong></span> <span class='ocrx_word' id='word_1_175' title='bbox 1058 1565 1306 1619; x_wconf 81' lang='lat' dir='ltr'><strong>Herculeus,</strong></span> <span class='ocrx_word' id='word_1_176' title='bbox 1340 1565 1532 1608; x_wconf 87' lang='lat' dir='ltr'><strong>Caenina</strong></span> <span class='ocrx_word' id='word_1_177' title='bbox 1563 1565 1712 1608; x_wconf 88' lang='lat' dir='ltr'><strong>ductor</strong></span> <span class='ocrx_word' id='word_1_178' title='bbox 1743 1565 1799 1607; x_wconf 90' lang='lat' dir='ltr'><strong>ab</strong></span> <span class='ocrx_word' id='word_1_179' title='bbox 1831 1578 1945 1619; x_wconf 88' lang='lat' dir='ltr'><strong>arce,</strong></span> 
     </span>
    </p>

    <p class='ocr_par' dir='ltr' id='par_1_11' title="bbox 229 1636 2641 2120">
     <span class='ocr_line' id='line_1_21' title="bbox 871 1636 1887 1691; baseline 0 -14"><span class='ocrx_word' id='word_1_180' title='bbox 871 1636 1025 1691; x_wconf 88' lang='lat' dir='ltr'><strong>Roma,</strong></span> <span class='ocrx_word' id='word_1_181' title='bbox 1056 1636 1140 1678; x_wconf 88' lang='lat' dir='ltr'><strong>tuis</strong></span> <span class='ocrx_word' id='word_1_182' title='bbox 1172 1637 1385 1690; x_wconf 90' lang='lat' dir='ltr'><strong>quondam</strong></span> <span class='ocrx_word' id='word_1_183' title='bbox 1417 1637 1570 1680; x_wconf 89' lang='lat' dir='ltr'><strong>finibus</strong></span> <span class='ocrx_word' id='word_1_184' title='bbox 1603 1636 1751 1679; x_wconf 85' lang='lat' dir='ltr'><strong>horror</strong></span> <span class='ocrx_word' id='word_1_185' title='bbox 1781 1641 1887 1678; x_wconf 77' lang='lat' dir='ltr'><strong>erat‘</strong></span> 
     </span>
     <span class='ocr_line' id='line_1_22' title="bbox 231 1705 2641 1765; baseline -0.001 -15"><span class='ocrx_word' id='word_1_186' title='bbox 231 1719 327 1750; x_wconf 74' lang='lat' dir='ltr'><strong>eum</strong></span> <span class='ocrx_word' id='word_1_187' title='bbox 370 1705 585 1750; x_wconf 79' lang='lat' dir='ltr'><strong>Plutarchi</strong></span> <span class='ocrx_word' id='word_1_188' title='bbox 632 1706 774 1750; x_wconf 84' lang='lat' dir='ltr'><strong>verbis</strong></span> <span class='ocrx_word' id='word_1_189' title='bbox 816 1706 858 1760; x_wconf 89' lang='lat' dir='ltr'><strong>(l.</strong></span> <span class='ocrx_word' id='word_1_190' title='bbox 898 1707 960 1760; x_wconf 86' lang='lat' dir='ltr'><strong>l.):</strong></span> <span class='ocrx_word' id='word_1_191' title='bbox 1012 1706 1171 1764; x_wconf 78' lang='grc' dir='ltr'>,Ἄκρων</span> <span class='ocrx_word' id='word_1_192' title='bbox 1215 1709 1259 1750; x_wconf 84' lang='grc' dir='ltr'><strong>δὲ</strong></span> <span class='ocrx_word' id='word_1_193' title='bbox 1303 1709 1484 1765; x_wconf 77' lang='grc' dir='ltr'>βασιλεὺς</span> <span class='ocrx_word' id='word_1_194' title='bbox 1528 1707 1762 1764; x_wconf 81' lang='grc' dir='ltr'>Κενινητῶν,</span> <span class='ocrx_word' id='word_1_195' title='bbox 1809 1709 1905 1764; x_wconf 86' lang='grc' dir='ltr'>ἀνὴρ</span> <span class='ocrx_word' id='word_1_196' title='bbox 1950 1709 2164 1764; x_wconf 80' lang='grc' dir='ltr'>θυμοειδὴς</span> <span class='ocrx_word' id='word_1_197' title='bbox 2206 1709 2269 1749; x_wconf 87' lang='grc' dir='ltr'><strong>καὶ</strong></span> <span class='ocrx_word' id='word_1_198' title='bbox 2314 1708 2438 1752; x_wconf 84' lang='grc' dir='ltr'>δεινὸς</span> <span class='ocrx_word' id='word_1_199' title='bbox 2479 1708 2520 1748; x_wconf 86' lang='grc' dir='ltr'>ἐν</span> <span class='ocrx_word' id='word_1_200' title='bbox 2563 1709 2641 1753; x_wconf 82' lang='grc' dir='ltr'>τοῖς</span> 
     </span>
     <span class='ocr_line' id='line_1_23' title="bbox 229 1776 2639 1835; baseline 0.001 -15"><span class='ocrx_word' id='word_1_201' title='bbox 229 1780 481 1833; x_wconf 66' lang='grc' dir='ltr'>πολεμικοῖς*.</span> <span class='ocrx_word' id='word_1_202' title='bbox 543 1777 622 1821; x_wconf 88' lang='lat' dir='ltr'><strong>Cui</strong></span> <span class='ocrx_word' id='word_1_203' title='bbox 654 1776 819 1821; x_wconf 88' lang='lat' dir='ltr'><strong>scilicet</strong></span> <span class='ocrx_word' id='word_1_204' title='bbox 851 1778 1115 1821; x_wconf 87' lang='lat' dir='ltr'><strong>similitudini</strong></span> <span class='ocrx_word' id='word_1_205' title='bbox 1147 1780 1435 1834; x_wconf 84' lang='lat' dir='ltr'><strong>argumenti</strong></span> <span class='ocrx_word' id='word_1_206' title='bbox 1467 1780 1551 1822; x_wconf 85' lang='lat' dir='ltr'><strong>vim</strong></span> <span class='ocrx_word' id='word_1_207' title='bbox 1588 1779 1759 1822; x_wconf 86' lang='lat' dir='ltr'><strong>attribui</strong></span> <span class='ocrx_word' id='word_1_208' title='bbox 1799 1793 1929 1835; x_wconf 91' lang='lat' dir='ltr'><strong>posse</strong></span> <span class='ocrx_word' id='word_1_209' title='bbox 1972 1779 2131 1821; x_wconf 90' lang='lat' dir='ltr'><strong>nullam</strong></span> <span class='ocrx_word' id='word_1_210' title='bbox 2167 1792 2243 1835; x_wconf 90' lang='lat' dir='ltr'><strong>per</strong></span> <span class='ocrx_word' id='word_1_211' title='bbox 2282 1792 2329 1822; x_wconf 90' lang='lat' dir='ltr'><strong>se</strong></span> <span class='ocrx_word' id='word_1_212' title='bbox 2368 1778 2639 1833; x_wconf 85' lang='lat' dir='ltr'><strong>intellegitur.</strong></span> 
     </span>
     <span class='ocr_line' id='line_1_24' title="bbox 230 1848 2639 1906; baseline -0.001 -13"><span class='ocrx_word' id='word_1_213' title='bbox 230 1850 370 1905; x_wconf 83' lang='lat' dir='ltr'><strong>Atque</strong></span> <span class='ocrx_word' id='word_1_214' title='bbox 402 1848 519 1905; x_wconf 90' lang='lat' dir='ltr'><strong>apud</strong></span> <span class='ocrx_word' id='word_1_215' title='bbox 550 1848 820 1892; x_wconf 85' lang='lat' dir='ltr'><strong>Plutarchum</strong></span> <span class='ocrx_word' id='word_1_216' title='bbox 857 1850 982 1893; x_wconf 90' lang='lat' dir='ltr'><strong>sicuti</strong></span> <span class='ocrx_word' id='word_1_217' title='bbox 1014 1850 1129 1905; x_wconf 90' lang='lat' dir='ltr'><strong>apud</strong></span> <span class='ocrx_word' id='word_1_218' title='bbox 1161 1851 1426 1906; x_wconf 86' lang='lat' dir='ltr'><strong>Propertium</strong></span> <span class='ocrx_word' id='word_1_219' title='bbox 1457 1851 1542 1894; x_wconf 89' lang='lat' dir='ltr'><strong>iam</strong></span> <span class='ocrx_word' id='word_1_220' title='bbox 1574 1856 1691 1894; x_wconf 88' lang='lat' dir='ltr'><strong>ante</strong></span> <span class='ocrx_word' id='word_1_221' title='bbox 1723 1865 1913 1906; x_wconf 89' lang='lat' dir='ltr'><strong>pugnam</strong></span> <span class='ocrx_word' id='word_1_222' title='bbox 1940 1851 2031 1894; x_wconf 85' lang='lat' dir='ltr'><strong>Iovi</strong></span> <span class='ocrx_word' id='word_1_223' title='bbox 2076 1851 2212 1905; x_wconf 90' lang='lat' dir='ltr'><strong>spolia</strong></span> <span class='ocrx_word' id='word_1_224' title='bbox 2246 1850 2441 1893; x_wconf 88' lang='lat' dir='ltr'><strong>Acrontis</strong></span> <span class='ocrx_word' id='word_1_225' title='bbox 2481 1862 2639 1892; x_wconf 85' lang='lat' dir='ltr'><strong>vovere</strong></span> 
     </span>
     <span class='ocr_line' id='line_1_25' title="bbox 230 1919 2639 1976; baseline 0 -14"><span class='ocrx_word' id='word_1_226' title='bbox 230 1920 454 1963; x_wconf 89' lang='lat' dir='ltr'><strong>Romulum</strong></span> <span class='ocrx_word' id='word_1_227' title='bbox 480 1919 579 1963; x_wconf 91' lang='lat' dir='ltr'><strong>ideo</strong></span> <span class='ocrx_word' id='word_1_228' title='bbox 613 1932 826 1976; x_wconf 86' lang='lat' dir='ltr'><strong>urgemus,</strong></span> <span class='ocrx_word' id='word_1_229' title='bbox 859 1920 973 1976; x_wconf 89' lang='lat' dir='ltr'><strong>quod</strong></span> <span class='ocrx_word' id='word_1_230' title='bbox 998 1920 1146 1965; x_wconf 85' lang='lat' dir='ltr'><strong>Livius</strong></span> <span class='ocrx_word' id='word_1_231' title='bbox 1171 1920 1301 1965; x_wconf 88' lang='lat' dir='ltr'><strong>tradit</strong></span> <span class='ocrx_word' id='word_1_232' title='bbox 1327 1934 1422 1965; x_wconf 91' lang='lat' dir='ltr'><strong>eum</strong></span> <span class='ocrx_word' id='word_1_233' title='bbox 1449 1920 1557 1965; x_wconf 91' lang='lat' dir='ltr'><strong>duce</strong></span> <span class='ocrx_word' id='word_1_234' title='bbox 1582 1920 1764 1965; x_wconf 86' lang='lat' dir='ltr'><strong>hostium</strong></span> <span class='ocrx_word' id='word_1_235' title='bbox 1791 1920 1934 1964; x_wconf 92' lang='lat' dir='ltr'><strong>occiso</strong></span> <span class='ocrx_word' id='word_1_236' title='bbox 1961 1921 2189 1964; x_wconf 87' lang='lat' dir='ltr'><strong>exercitum</strong></span> <span class='ocrx_word' id='word_1_237' title='bbox 2215 1921 2391 1964; x_wconf 88' lang='lat' dir='ltr'><strong>Romam</strong></span> <span class='ocrx_word' id='word_1_238' title='bbox 2416 1919 2639 1964; x_wconf 85' lang='lat' dir='ltr'><strong>reduxisse</strong></span> 
     </span>
     <span class='ocr_line' id='line_1_26' title="bbox 230 1990 2639 2047; baseline 0 -14"><span class='ocrx_word' id='word_1_239' title='bbox 230 1995 272 2034; x_wconf 86' lang='lat' dir='ltr'><strong>et</strong></span> <span class='ocrx_word' id='word_1_240' title='bbox 303 2004 424 2033; x_wconf 90' lang='lat' dir='ltr'><strong>arma</strong></span> <span class='ocrx_word' id='word_1_241' title='bbox 454 1990 496 2031; x_wconf 92' lang='lat' dir='ltr'><strong>in</strong></span> <span class='ocrx_word' id='word_1_242' title='bbox 539 1991 794 2047; x_wconf 86' lang='lat' dir='ltr'><strong>Capitolium</strong></span> <span class='ocrx_word' id='word_1_243' title='bbox 826 1992 974 2034; x_wconf 85' lang='lat' dir='ltr'><strong>tulisse</strong></span> <span class='ocrx_word' id='word_1_244' title='bbox 1007 2004 1144 2047; x_wconf 89' lang='lat' dir='ltr'><strong>eaque</strong></span> <span class='ocrx_word' id='word_1_245' title='bbox 1175 1996 1292 2035; x_wconf 89' lang='lat' dir='ltr'><strong>tunc</strong></span> <span class='ocrx_word' id='word_1_246' title='bbox 1324 1992 1515 2035; x_wconf 90' lang='lat' dir='ltr'><strong>demum</strong></span> <span class='ocrx_word' id='word_1_247' title='bbox 1550 1992 1638 2036; x_wconf 83' lang='lat' dir='ltr'><strong>Iovi</strong></span> <span class='ocrx_word' id='word_1_248' title='bbox 1669 1992 1842 2035; x_wconf 91' lang='lat' dir='ltr'><strong>vovisse</strong></span> <span class='ocrx_word' id='word_1_249' title='bbox 1874 1992 2037 2036; x_wconf 89' lang='lat' dir='ltr'><strong>verbis:</strong></span> <span class='ocrx_word' id='word_1_250' title='bbox 2079 1991 2279 2047; x_wconf 87' lang='lat' dir='ltr'><strong>,Iuppiter</strong></span> <span class='ocrx_word' id='word_1_251' title='bbox 2313 1990 2488 2045; x_wconf 89' lang='lat' dir='ltr'><strong>Feretri,</strong></span> <span class='ocrx_word' id='word_1_252' title='bbox 2529 1990 2639 2034; x_wconf 85' lang='lat' dir='ltr'><strong>haec</strong></span> 
     </span>
     <span class='ocr_line' id='line_1_27' title="bbox 231 2062 2641 2120; baseline 0.002 -16"><span class='ocrx_word' id='word_1_253' title='bbox 231 2062 309 2105; x_wconf 85' lang='lat' dir='ltr'><strong>tibi</strong></span> <span class='ocrx_word' id='word_1_254' title='bbox 341 2062 478 2105; x_wconf 85' lang='lat' dir='ltr'><strong>victor</strong></span> <span class='ocrx_word' id='word_1_255' title='bbox 508 2062 712 2105; x_wconf 89' lang='lat' dir='ltr'><strong>Romulus</strong></span> <span class='ocrx_word' id='word_1_256' title='bbox 744 2075 818 2105; x_wconf 86' lang='lat' dir='ltr'><strong>rex</strong></span> <span class='ocrx_word' id='word_1_257' title='bbox 850 2063 972 2117; x_wconf 86' lang='lat' dir='ltr'><strong>regia</strong></span> <span class='ocrx_word' id='word_1_258' title='bbox 1003 2076 1123 2106; x_wconf 89' lang='lat' dir='ltr'><strong>arma</strong></span> <span class='ocrx_word' id='word_1_259' title='bbox 1152 2062 1245 2107; x_wconf 84' lang='lat' dir='ltr'><strong>fero</strong></span> <span class='ocrx_word' id='word_1_260' title='bbox 1276 2063 1655 2120; x_wconf 88' lang='lat' dir='ltr'><strong>templumque...</strong></span> <span class='ocrx_word' id='word_1_261' title='bbox 1688 2063 1842 2107; x_wconf 90' lang='lat' dir='ltr'><strong>dedico</strong></span> <span class='ocrx_word' id='word_1_262' title='bbox 1875 2063 2020 2107; x_wconf 89' lang='lat' dir='ltr'><strong>sedem</strong></span> <span class='ocrx_word' id='word_1_263' title='bbox 2054 2063 2203 2118; x_wconf 89' lang='lat' dir='ltr'><strong>opimis</strong></span> <span class='ocrx_word' id='word_1_264' title='bbox 2235 2062 2396 2117; x_wconf 87' lang='lat' dir='ltr'><strong>spoliis‘</strong></span> <span class='ocrx_word' id='word_1_265' title='bbox 2429 2075 2463 2105; x_wconf 87' lang='lat' dir='ltr'><strong>e.</strong></span> <span class='ocrx_word' id='word_1_266' title='bbox 2493 2075 2532 2116; x_wconf 89' lang='lat' dir='ltr'><strong>q.</strong></span> <span class='ocrx_word' id='word_1_267' title='bbox 2558 2064 2641 2113; x_wconf 75' lang='lat' dir='ltr'><strong>e.²)</strong></span> 
     </span>
    </p>

    <p class='ocr_par' dir='ltr' id='par_1_12' title="bbox 230 2132 2639 2261">
     <span class='ocr_line' id='line_1_28' title="bbox 444 2132 2639 2190; baseline 0 -15"><span class='ocrx_word' id='word_1_268' title='bbox 444 2134 542 2176; x_wconf 87' lang='lat' dir='ltr'><strong>Non</strong></span> <span class='ocrx_word' id='word_1_269' title='bbox 573 2146 674 2176; x_wconf 90' lang='lat' dir='ltr'><strong>vero</strong></span> <span class='ocrx_word' id='word_1_270' title='bbox 707 2134 932 2188; x_wconf 87' lang='lat' dir='ltr'><strong>Tuerkius,</strong></span> <span class='ocrx_word' id='word_1_271' title='bbox 978 2134 1204 2177; x_wconf 85' lang='lat' dir='ltr'><strong>undeunde</strong></span> <span class='ocrx_word' id='word_1_272' title='bbox 1238 2134 1446 2177; x_wconf 85' lang='lat' dir='ltr'><strong>extricare</strong></span> <span class='ocrx_word' id='word_1_273' title='bbox 1491 2141 1668 2178; x_wconf 88' lang='lat' dir='ltr'><strong>conatus</strong></span> <span class='ocrx_word' id='word_1_274' title='bbox 1712 2135 1921 2190; x_wconf 87' lang='lat' dir='ltr'><strong>Propertii</strong></span> <span class='ocrx_word' id='word_1_275' title='bbox 1964 2134 2158 2189; x_wconf 90' lang='lat' dir='ltr'><strong>Liviique</strong></span> <span class='ocrx_word' id='word_1_276' title='bbox 2201 2133 2552 2189; x_wconf 86' lang='lat' dir='ltr'><strong>coniunctionem,</strong></span> <span class='ocrx_word' id='word_1_277' title='bbox 2595 2132 2639 2175; x_wconf 93' lang='lat' dir='ltr'><strong>in</strong></span> 
     </span>
     <span class='ocr_line' id='line_1_29' title="bbox 230 2204 1938 2261; baseline 0 -13"><span class='ocrx_word' id='word_1_278' title='bbox 230 2204 433 2248; x_wconf 84' lang='lat' dir='ltr'><strong>cautione</strong></span> <span class='ocrx_word' id='word_1_279' title='bbox 466 2217 550 2259; x_wconf 88' lang='lat' dir='ltr'><strong>qua</strong></span> <span class='ocrx_word' id='word_1_280' title='bbox 582 2217 688 2260; x_wconf 87' lang='lat' dir='ltr'><strong>opus</strong></span> <span class='ocrx_word' id='word_1_281' title='bbox 720 2209 785 2247; x_wconf 89' lang='lat' dir='ltr'><strong>est</strong></span> <span class='ocrx_word' id='word_1_282' title='bbox 816 2204 1065 2248; x_wconf 89' lang='lat' dir='ltr'><strong>adhibenda</strong></span> <span class='ocrx_word' id='word_1_283' title='bbox 1096 2210 1164 2248; x_wconf 91' lang='lat' dir='ltr'><strong>sat</strong></span> <span class='ocrx_word' id='word_1_284' title='bbox 1194 2205 1276 2249; x_wconf 88' lang='lat' dir='ltr'><strong>sibi</strong></span> <span class='ocrx_word' id='word_1_285' title='bbox 1308 2206 1506 2261; x_wconf 89' lang='lat' dir='ltr'><strong>constitit,</strong></span> <span class='ocrx_word' id='word_1_286' title='bbox 1540 2220 1633 2248; x_wconf 92' lang='lat' dir='ltr'><strong>cum</strong></span> <span class='ocrx_word' id='word_1_287' title='bbox 1663 2219 1831 2249; x_wconf 87' lang='lat' dir='ltr'><strong>versum</strong></span> <span class='ocrx_word' id='word_1_288' title='bbox 1866 2210 1938 2248; x_wconf 87' lang='lat'><strong>17:</strong></span> 
     </span>
    </p>

    <p class='ocr_par' dir='ltr' id='par_1_13' title="bbox 230 2275 2639 2686">
     <span class='ocr_line' id='line_1_30' title="bbox 889 2275 1980 2331; baseline 0 -13"><span class='ocrx_word' id='word_1_289' title='bbox 889 2275 1034 2331; x_wconf 88' lang='lat' dir='ltr'><strong>,Urbis</strong></span> <span class='ocrx_word' id='word_1_290' title='bbox 1066 2275 1315 2331; x_wconf 88' lang='lat' dir='ltr'><strong>virtutisque</strong></span> <span class='ocrx_word' id='word_1_291' title='bbox 1346 2290 1503 2331; x_wconf 89' lang='lat' dir='ltr'><strong>parens</strong></span> <span class='ocrx_word' id='word_1_292' title='bbox 1535 2277 1597 2319; x_wconf 90' lang='lat' dir='ltr'><strong>sic</strong></span> <span class='ocrx_word' id='word_1_293' title='bbox 1628 2277 1799 2320; x_wconf 86' lang='lat' dir='ltr'><strong>vincere</strong></span> <span class='ocrx_word' id='word_1_294' title='bbox 1831 2277 1980 2319; x_wconf 82' lang='lat' dir='ltr'><strong>suevit‘</strong></span> 
     </span>
     <span class='ocr_line' id='line_1_31' title="bbox 235 2345 2639 2403; baseline -0.001 -14"><span class='ocrx_word' id='word_1_295' title='bbox 235 2350 513 2402; x_wconf 89' lang='lat' dir='ltr'><strong>componeret</strong></span> <span class='ocrx_word' id='word_1_296' title='bbox 544 2359 638 2388; x_wconf 91' lang='lat' dir='ltr'><strong>cum</strong></span> <span class='ocrx_word' id='word_1_297' title='bbox 669 2346 763 2387; x_wconf 89' lang='lat' dir='ltr'><strong>Liv.</strong></span> <span class='ocrx_word' id='word_1_298' title='bbox 797 2347 830 2399; x_wconf 91' lang='lat' dir='ltr'><strong>I,</strong></span> <span class='ocrx_word' id='word_1_299' title='bbox 866 2348 998 2401; x_wconf 87' lang='lat'><strong>16,3:</strong></span> <span class='ocrx_word' id='word_1_300' title='bbox 1040 2347 1215 2401; x_wconf 87' lang='lat' dir='ltr'><strong>,Regem</strong></span> <span class='ocrx_word' id='word_1_301' title='bbox 1253 2352 1557 2403; x_wconf 87' lang='lat' dir='ltr'><strong>parentemque</strong></span> <span class='ocrx_word' id='word_1_302' title='bbox 1588 2347 1704 2390; x_wconf 89' lang='lat' dir='ltr'><strong>urbis</strong></span> <span class='ocrx_word' id='word_1_303' title='bbox 1735 2348 1955 2390; x_wconf 85' lang='lat' dir='ltr'><strong>Romanae</strong></span> <span class='ocrx_word' id='word_1_304' title='bbox 1988 2347 2151 2389; x_wconf 85' lang='lat' dir='ltr'><strong>salvere</strong></span> <span class='ocrx_word' id='word_1_305' title='bbox 2192 2345 2375 2388; x_wconf 89' lang='lat' dir='ltr'><strong>universi</strong></span> <span class='ocrx_word' id='word_1_306' title='bbox 2415 2345 2639 2388; x_wconf 86' lang='lat' dir='ltr'><strong>Romulum</strong></span> 
     </span>
     <span class='ocr_line' id='line_1_32' title="bbox 230 2414 2638 2474; baseline 0 -16"><span class='ocrx_word' id='word_1_307' title='bbox 230 2418 407 2460; x_wconf 81' lang='lat' dir='ltr'><strong>iubent.‘</strong></span> <span class='ocrx_word' id='word_1_308' title='bbox 470 2416 527 2458; x_wconf 91' lang='lat' dir='ltr'><strong>Ut</strong></span> <span class='ocrx_word' id='word_1_309' title='bbox 559 2416 641 2460; x_wconf 92' lang='lat' dir='ltr'><strong>hoc</strong></span> <span class='ocrx_word' id='word_1_310' title='bbox 674 2417 879 2473; x_wconf 89' lang='lat' dir='ltr'><strong>omittam,</strong></span> <span class='ocrx_word' id='word_1_311' title='bbox 912 2417 1026 2473; x_wconf 90' lang='lat' dir='ltr'><strong>quod</strong></span> <span class='ocrx_word' id='word_1_312' title='bbox 1058 2416 1167 2462; x_wconf 91' lang='lat' dir='ltr'><strong>haec</strong></span> <span class='ocrx_word' id='word_1_313' title='bbox 1197 2416 1310 2461; x_wconf 84' lang='lat' dir='ltr'><strong>Livii</strong></span> <span class='ocrx_word' id='word_1_314' title='bbox 1341 2417 1475 2474; x_wconf 81' lang='lat' dir='ltr'><strong>verba</strong></span> <span class='ocrx_word' id='word_1_315' title='bbox 1506 2430 1590 2462; x_wconf 91' lang='lat' dir='ltr'><strong>non</strong></span> <span class='ocrx_word' id='word_1_316' title='bbox 1621 2417 1664 2461; x_wconf 90' lang='lat' dir='ltr'><strong>in</strong></span> <span class='ocrx_word' id='word_1_317' title='bbox 1695 2417 1770 2462; x_wconf 90' lang='lat' dir='ltr'><strong>illa</strong></span> <span class='ocrx_word' id='word_1_318' title='bbox 1803 2417 1857 2463; x_wconf 92' lang='lat' dir='ltr'><strong>de</strong></span> <span class='ocrx_word' id='word_1_319' title='bbox 1880 2416 2057 2462; x_wconf 89' lang='lat' dir='ltr'><strong>Romulo</strong></span> <span class='ocrx_word' id='word_1_320' title='bbox 2089 2421 2131 2460; x_wconf 87' lang='lat' dir='ltr'><strong>et</strong></span> <span class='ocrx_word' id='word_1_321' title='bbox 2162 2416 2342 2460; x_wconf 88' lang='lat' dir='ltr'><strong>Acronte</strong></span> <span class='ocrx_word' id='word_1_322' title='bbox 2375 2414 2638 2467; x_wconf 83' lang='lat' dir='ltr'><strong>narratione,</strong></span> 
     </span>
     <span class='ocr_line' id='line_1_33' title="bbox 231 2485 2636 2545; baseline 0 -15"><span class='ocrx_word' id='word_1_323' title='bbox 231 2489 310 2531; x_wconf 85' lang='lat' dir='ltr'><strong>sed</strong></span> <span class='ocrx_word' id='word_1_324' title='bbox 355 2489 397 2529; x_wconf 91' lang='lat' dir='ltr'><strong>in</strong></span> <span class='ocrx_word' id='word_1_325' title='bbox 442 2488 526 2529; x_wconf 89' lang='lat' dir='ltr'><strong>fine</strong></span> <span class='ocrx_word' id='word_1_326' title='bbox 572 2488 776 2530; x_wconf 89' lang='lat' dir='ltr'><strong>historiae</strong></span> <span class='ocrx_word' id='word_1_327' title='bbox 821 2489 1055 2531; x_wconf 88' lang='lat' dir='ltr'><strong>Romuleae</strong></span> <span class='ocrx_word' id='word_1_328' title='bbox 1100 2493 1284 2545; x_wconf 86' lang='lat' dir='ltr'><strong>exstant,</strong></span> <span class='ocrx_word' id='word_1_329' title='bbox 1329 2489 1401 2531; x_wconf 90' lang='lat' dir='ltr'><strong>ubi</strong></span> <span class='ocrx_word' id='word_1_330' title='bbox 1453 2488 1508 2532; x_wconf 89' lang='lat' dir='ltr'><strong>de</strong></span> <span class='ocrx_word' id='word_1_331' title='bbox 1553 2493 1685 2533; x_wconf 87' lang='lat' dir='ltr'><strong>morte</strong></span> <span class='ocrx_word' id='word_1_332' title='bbox 1730 2488 1854 2545; x_wconf 90' lang='lat' dir='ltr'><strong>primi</strong></span> <span class='ocrx_word' id='word_1_333' title='bbox 1886 2488 1999 2544; x_wconf 87' lang='lat' dir='ltr'><strong>regis</strong></span> <span class='ocrx_word' id='word_1_334' title='bbox 2042 2488 2324 2532; x_wconf 88' lang='lat' dir='ltr'><strong>Romanorum</strong></span> <span class='ocrx_word' id='word_1_335' title='bbox 2366 2486 2526 2531; x_wconf 91' lang='lat' dir='ltr'><strong>mentio</strong></span> <span class='ocrx_word' id='word_1_336' title='bbox 2567 2485 2636 2530; x_wconf 86' lang='lat' dir='ltr'><strong>fit:</strong></span> 
     </span>
     <span class='ocr_line' id='line_1_34' title="bbox 232 2557 2639 2616; baseline 0 -15"><span class='ocrx_word' id='word_1_337' title='bbox 232 2573 331 2602; x_wconf 90' lang='lat' dir='ltr'><strong>num</strong></span> <span class='ocrx_word' id='word_1_338' title='bbox 365 2559 513 2602; x_wconf 93' lang='lat' dir='ltr'><strong>Livius</strong></span> <span class='ocrx_word' id='word_1_339' title='bbox 545 2559 768 2602; x_wconf 88' lang='lat' dir='ltr'><strong>adeundus</strong></span> <span class='ocrx_word' id='word_1_340' title='bbox 801 2564 893 2603; x_wconf 90' lang='lat' dir='ltr'><strong>erat</strong></span> <span class='ocrx_word' id='word_1_341' title='bbox 923 2565 1081 2616; x_wconf 85' lang='lat' dir='ltr'><strong>nostro,</strong></span> <span class='ocrx_word' id='word_1_342' title='bbox 1124 2565 1170 2602; x_wconf 91' lang='lat' dir='ltr'><strong>ut</strong></span> <span class='ocrx_word' id='word_1_343' title='bbox 1212 2561 1390 2603; x_wconf 90' lang='lat' dir='ltr'><strong>Romulo</strong></span> <span class='ocrx_word' id='word_1_344' title='bbox 1434 2561 1550 2603; x_wconf 88' lang='lat' dir='ltr'><strong>illum</strong></span> <span class='ocrx_word' id='word_1_345' title='bbox 1581 2561 1743 2604; x_wconf 88' lang='lat' dir='ltr'><strong>titulum</strong></span> <span class='ocrx_word' id='word_1_346' title='bbox 1775 2562 1977 2605; x_wconf 89' lang='lat' dir='ltr'><strong>tribueret</strong></span> <span class='ocrx_word' id='word_1_347' title='bbox 1997 2559 2254 2603; x_wconf 85' lang='lat' dir='ltr'><strong>tritissimum</strong></span> <span class='ocrx_word' id='word_1_348' title='bbox 2278 2572 2448 2614; x_wconf 90' lang='lat' dir='ltr'><strong>,parens</strong></span> <span class='ocrx_word' id='word_1_349' title='bbox 2478 2557 2639 2602; x_wconf 80' lang='lat' dir='ltr'><strong>urbis‘?</strong></span> 
     </span>
     <span class='ocr_line' id='line_1_35' title="bbox 232 2631 1169 2686; baseline 0.001 -13"><span class='ocrx_word' id='word_1_350' title='bbox 232 2632 299 2673; x_wconf 88' lang='lat' dir='ltr'><strong>An</strong></span> <span class='ocrx_word' id='word_1_351' title='bbox 331 2644 426 2673; x_wconf 86' lang='lat' dir='ltr'><strong>eum</strong></span> <span class='ocrx_word' id='word_1_352' title='bbox 458 2644 543 2673; x_wconf 91' lang='lat' dir='ltr'><strong>non</strong></span> <span class='ocrx_word' id='word_1_353' title='bbox 576 2631 763 2673; x_wconf 89' lang='lat' dir='ltr'><strong>callebat</strong></span> <span class='ocrx_word' id='word_1_354' title='bbox 793 2631 848 2674; x_wconf 89' lang='lat' dir='ltr'><strong>de</strong></span> <span class='ocrx_word' id='word_1_355' title='bbox 880 2636 1014 2674; x_wconf 86' lang='lat' dir='ltr'><strong>semet</strong></span> <span class='ocrx_word' id='word_1_356' title='bbox 1045 2632 1169 2686; x_wconf 83' lang='lat' dir='ltr'><strong>ipso‘?</strong></span> 
     </span>
    </p>

    <p class='ocr_par' dir='ltr' id='par_1_14' title="bbox 232 2701 2641 3046">
     <span class='ocr_line' id='line_1_36' title="bbox 445 2701 2640 2759; baseline -0 -15"><span class='ocrx_word' id='word_1_357' title='bbox 445 2702 585 2757; x_wconf 90' lang='lat' dir='ltr'><strong>Atque</strong></span> <span class='ocrx_word' id='word_1_358' title='bbox 617 2701 660 2744; x_wconf 91' lang='lat' dir='ltr'><strong>in</strong></span> <span class='ocrx_word' id='word_1_359' title='bbox 692 2702 866 2746; x_wconf 91' lang='lat' dir='ltr'><strong>alterius</strong></span> <span class='ocrx_word' id='word_1_360' title='bbox 898 2716 1083 2759; x_wconf 90' lang='lat' dir='ltr'><strong>pugnae,</strong></span> <span class='ocrx_word' id='word_1_361' title='bbox 1116 2702 1224 2746; x_wconf 91' lang='lat' dir='ltr'><strong>inter</strong></span> <span class='ocrx_word' id='word_1_362' title='bbox 1256 2703 1434 2747; x_wconf 88' lang='lat' dir='ltr'><strong>Cossum</strong></span> <span class='ocrx_word' id='word_1_363' title='bbox 1466 2709 1508 2746; x_wconf 91' lang='lat' dir='ltr'><strong>et</strong></span> <span class='ocrx_word' id='word_1_364' title='bbox 1539 2703 1805 2747; x_wconf 89' lang='lat' dir='ltr'><strong>Tolumnium</strong></span> <span class='ocrx_word' id='word_1_365' title='bbox 1837 2703 2099 2756; x_wconf 81' lang='lat' dir='ltr'><strong>commissae,</strong></span> <span class='ocrx_word' id='word_1_366' title='bbox 2132 2701 2419 2756; x_wconf 77' lang='lat' dir='ltr'><strong>descriptione</strong></span> <span class='ocrx_word' id='word_1_367' title='bbox 2452 2715 2640 2757; x_wconf 88' lang='lat' dir='ltr'><strong>,prorsus</strong></span> 
     </span>
     <span class='ocr_line' id='line_1_37' title="bbox 234 2771 2639 2832; baseline -0 -16"><span class='ocrx_word' id='word_1_368' title='bbox 234 2774 419 2817; x_wconf 87' lang='lat' dir='ltr'><strong>diverse‘</strong></span> <span class='ocrx_word' id='word_1_369' title='bbox 467 2774 523 2817; x_wconf 91' lang='lat' dir='ltr'><strong>ab</strong></span> <span class='ocrx_word' id='word_1_370' title='bbox 568 2773 692 2816; x_wconf 86' lang='lat' dir='ltr'><strong>Livio</strong></span> <span class='ocrx_word' id='word_1_371' title='bbox 738 2774 826 2829; x_wconf 79' lang='lat' dir='ltr'><strong>(qui</strong></span> <span class='ocrx_word' id='word_1_372' title='bbox 871 2774 974 2818; x_wconf 90' lang='lat' dir='ltr'><strong>nihil</strong></span> <span class='ocrx_word' id='word_1_373' title='bbox 1020 2774 1073 2818; x_wconf 90' lang='lat' dir='ltr'><strong>de</strong></span> <span class='ocrx_word' id='word_1_374' title='bbox 1116 2774 1280 2832; x_wconf 90' lang='lat' dir='ltr'><strong>proelio</strong></span> <span class='ocrx_word' id='word_1_375' title='bbox 1331 2774 1554 2831; x_wconf 87' lang='lat' dir='ltr'><strong>singulari)</strong></span> <span class='ocrx_word' id='word_1_376' title='bbox 1603 2775 1761 2820; x_wconf 87' lang='lat' dir='ltr'><strong>referre</strong></span> <span class='ocrx_word' id='word_1_377' title='bbox 1811 2773 2069 2829; x_wconf 88' lang='lat' dir='ltr'><strong>Propertium</strong></span> <span class='ocrx_word' id='word_1_378' title='bbox 2120 2771 2331 2817; x_wconf 87' lang='lat' dir='ltr'><strong>Tuerkius</strong></span> <span class='ocrx_word' id='word_1_379' title='bbox 2382 2772 2477 2829; x_wconf 87' lang='lat' dir='ltr'><strong>ipsc</strong></span> <span class='ocrx_word' id='word_1_380' title='bbox 2522 2777 2639 2816; x_wconf 87' lang='lat' dir='ltr'><strong>recte</strong></span> 
     </span>
     <span class='ocr_line' id='line_1_38' title="bbox 232 2843 2639 2903; baseline 0 -16"><span class='ocrx_word' id='word_1_381' title='bbox 232 2846 444 2901; x_wconf 83' lang='lat' dir='ltr'><strong>monet³);</strong></span> <span class='ocrx_word' id='word_1_382' title='bbox 487 2857 537 2888; x_wconf 92' lang='lat' dir='ltr'><strong>eo</strong></span> <span class='ocrx_word' id='word_1_383' title='bbox 578 2845 717 2901; x_wconf 85' lang='lat' dir='ltr'><strong>magis</strong></span> <span class='ocrx_word' id='word_1_384' title='bbox 756 2845 1107 2903; x_wconf 84' lang='lat' dir='ltr'><strong>obstupescimus,</strong></span> <span class='ocrx_word' id='word_1_385' title='bbox 1160 2846 1275 2903; x_wconf 89' lang='lat' dir='ltr'><strong>quod</strong></span> <span class='ocrx_word' id='word_1_386' title='bbox 1306 2846 1374 2891; x_wconf 89' lang='lat' dir='ltr'><strong>hic</strong></span> <span class='ocrx_word' id='word_1_387' title='bbox 1407 2859 1588 2902; x_wconf 89' lang='lat' dir='ltr'><strong>quoque,</strong></span> <span class='ocrx_word' id='word_1_388' title='bbox 1633 2847 1833 2903; x_wconf 84' lang='lat' dir='ltr'><strong>abreptus</strong></span> <span class='ocrx_word' id='word_1_389' title='bbox 1876 2858 2075 2901; x_wconf 85' lang='lat' dir='ltr'><strong>perversa</strong></span> <span class='ocrx_word' id='word_1_390' title='bbox 2118 2857 2245 2900; x_wconf 91' lang='lat' dir='ltr'><strong>quam</strong></span> <span class='ocrx_word' id='word_1_391' title='bbox 2288 2843 2371 2888; x_wconf 88' lang='lat' dir='ltr'><strong>sibi</strong></span> <span class='ocrx_word' id='word_1_392' title='bbox 2415 2843 2470 2888; x_wconf 89' lang='lat' dir='ltr'><strong>dc</strong></span> <span class='ocrx_word' id='word_1_393' title='bbox 2514 2843 2639 2888; x_wconf 90' lang='lat' dir='ltr'><strong>Livio</strong></span> 
     </span>
     <span class='ocr_line' id='line_1_39' title="bbox 233 2905 2641 2974; baseline 0 -15"><span class='ocrx_word' id='word_1_394' title='bbox 233 2917 449 2972; x_wconf 86' lang='lat' dir='ltr'><strong>Propertii</strong></span> <span class='ocrx_word' id='word_1_395' title='bbox 481 2922 656 2959; x_wconf 85' lang='lat' dir='ltr'><strong>auctore</strong></span> <span class='ocrx_word' id='word_1_396' title='bbox 688 2917 809 2959; x_wconf 85' lang='lat' dir='ltr'><strong>finxit</strong></span> <span class='ocrx_word' id='word_1_397' title='bbox 840 2918 1053 2974; x_wconf 91' lang='lat' dir='ltr'><strong>opinione,</strong></span> <span class='ocrx_word' id='word_1_398' title='bbox 1099 2923 1347 2961; x_wconf 90' lang='lat' dir='ltr'><strong>concentum</strong></span> <span class='ocrx_word' id='word_1_399' title='bbox 1379 2923 1535 2974; x_wconf 88' lang='lat' dir='ltr'><strong>poetae</strong></span> <span class='ocrx_word' id='word_1_400' title='bbox 1581 2923 1622 2962; x_wconf 90' lang='lat' dir='ltr'><strong>et</strong></span> <span class='ocrx_word' id='word_1_401' title='bbox 1665 2905 1851 2962; x_wconf 79' lang='lat' dir='ltr'><strong>historici</strong></span> <span class='ocrx_word' id='word_1_402' title='bbox 1895 2916 2171 2971; x_wconf 89' lang='lat' dir='ltr'><strong>comprobare</strong></span> <span class='ocrx_word' id='word_1_403' title='bbox 2215 2915 2358 2959; x_wconf 88' lang='lat' dir='ltr'><strong>studet</strong></span> <span class='ocrx_word' id='word_1_404' title='bbox 2395 2915 2459 2958; x_wconf 89' lang='lat' dir='ltr'><strong>vir</strong></span> <span class='ocrx_word' id='word_1_405' title='bbox 2490 2915 2641 2959; x_wconf 89' lang='lat' dir='ltr'><strong>doctus</strong></span> 
     </span>
     <span class='ocr_line' id='line_1_40' title="bbox 233 2987 1859 3046; baseline 0.001 -16"><span class='ocrx_word' id='word_1_406' title='bbox 233 2988 376 3031; x_wconf 88' lang='lat' dir='ltr'><strong>verbis</strong></span> <span class='ocrx_word' id='word_1_407' title='bbox 407 2988 526 3030; x_wconf 85' lang='lat' dir='ltr'><strong>hisce</strong></span> <span class='ocrx_word' id='word_1_408' title='bbox 558 2987 617 3043; x_wconf 91' lang='lat' dir='ltr'><strong>(p.</strong></span> <span class='ocrx_word' id='word_1_409' title='bbox 651 2989 744 3044; x_wconf 86' lang='lat'>46):</span> <span class='ocrx_word' id='word_1_410' title='bbox 778 2989 886 3045; x_wconf 90' lang='lat' dir='ltr'><strong>‚Hoc</strong></span> <span class='ocrx_word' id='word_1_411' title='bbox 917 2994 1059 3032; x_wconf 89' lang='lat' dir='ltr'><strong>autem</strong></span> <span class='ocrx_word' id='word_1_412' title='bbox 1091 2995 1290 3032; x_wconf 90' lang='lat' dir='ltr'><strong>certum</strong></span> <span class='ocrx_word' id='word_1_413' title='bbox 1313 2990 1492 3045; x_wconf 85' lang='lat' dir='ltr'><strong>videtur,</strong></span> <span class='ocrx_word' id='word_1_414' title='bbox 1525 2994 1679 3046; x_wconf 90' lang='lat' dir='ltr'><strong>poetae</strong></span> <span class='ocrx_word' id='word_1_415' title='bbox 1712 2989 1859 3033; x_wconf 89' lang='lat' dir='ltr'><strong>verba:</strong></span> 
     </span>
    </p>
   </div>
   <div class='ocr_carea' id='block_1_4' title="bbox 232 3128 2642 3411">
    <p class='ocr_par' dir='ltr' id='par_1_15' title="bbox 449 3128 2205 3174">
     <span class='ocr_line' id='line_1_41' title="bbox 449 3128 2205 3174; baseline 0 -11"><span class='ocrx_word' id='word_1_416' title='bbox 449 3132 475 3170; x_wconf 77' lang='lat'><strong>³)</strong></span> <span class='ocrx_word' id='word_1_417' title='bbox 501 3130 556 3163; x_wconf 88' lang='lat' dir='ltr'><strong>De</strong></span> <span class='ocrx_word' id='word_1_418' title='bbox 583 3130 717 3164; x_wconf 87' lang='lat' dir='ltr'><strong>crebris</strong></span> <span class='ocrx_word' id='word_1_419' title='bbox 742 3131 778 3163; x_wconf 92' lang='lat' dir='ltr'><strong>in</strong></span> <span class='ocrx_word' id='word_1_420' title='bbox 804 3131 964 3173; x_wconf 65' lang='lat' dir='ltr'><strong>Dionysii</strong></span> <span class='ocrx_word' id='word_1_421' title='bbox 991 3131 1078 3164; x_wconf 88' lang='lat' dir='ltr'><strong>libro</strong></span> <span class='ocrx_word' id='word_1_422' title='bbox 1104 3132 1150 3165; x_wconf 86' lang='lat'><strong>11.</strong></span> <span class='ocrx_word' id='word_1_423' title='bbox 1178 3132 1334 3174; x_wconf 79' lang='lat' dir='ltr'><strong>vestigiis</strong></span> <span class='ocrx_word' id='word_1_424' title='bbox 1360 3132 1588 3164; x_wconf 81' lang='lat' dir='ltr'><strong>Varronianis</strong></span> <span class='ocrx_word' id='word_1_425' title='bbox 1613 3131 1659 3164; x_wconf 77' lang='lat' dir='ltr'><strong>ef.</strong></span> <span class='ocrx_word' id='word_1_426' title='bbox 1685 3129 1828 3163; x_wconf 84' lang='lat' dir='ltr'><strong>Merkel.</strong></span> <span class='ocrx_word' id='word_1_427' title='bbox 1855 3128 1958 3162; x_wconf 83' lang='lat' dir='ltr'><strong>Pron.</strong></span> <span class='ocrx_word' id='word_1_428' title='bbox 1986 3128 2085 3163; x_wconf 80' lang='lat' dir='ltr'><strong>Ovid.</strong></span> <span class='ocrx_word' id='word_1_429' title='bbox 2111 3128 2205 3163; x_wconf 73' lang='lat' dir='ltr'><strong>Fast-</strong></span> 
     </span>
    </p>

    <p class='ocr_par' dir='ltr' id='par_1_16' title="bbox 232 3186 2642 3357">
     <span class='ocr_line' id='line_1_42' title="bbox 448 3186 2641 3234; baseline 0 -11"><span class='ocrx_word' id='word_1_430' title='bbox 448 3186 476 3233; x_wconf 78' lang='lat'><strong>⁸)</strong></span> <span class='ocrx_word' id='word_1_431' title='bbox 502 3188 548 3223; x_wconf 82' lang='lat' dir='ltr'><strong>cf.</strong></span> <span class='ocrx_word' id='word_1_432' title='bbox 576 3188 681 3223; x_wconf 88' lang='lat' dir='ltr'><strong>etiarn</strong></span> <span class='ocrx_word' id='word_1_433' title='bbox 709 3200 741 3222; x_wconf 85' lang='lat' dir='ltr'><strong>v.</strong></span> <span class='ocrx_word' id='word_1_434' title='bbox 773 3192 831 3224; x_wconf 86' lang='lat'><strong>13:</strong></span> <span class='ocrx_word' id='word_1_435' title='bbox 860 3189 975 3232; x_wconf 88' lang='lat' dir='ltr'><strong>,Hunc</strong></span> <span class='ocrx_word' id='word_1_436' title='bbox 1001 3198 1063 3234; x_wconf 67' lang='lat' dir='ltr'><strong>(se.</strong></span> <span class='ocrx_word' id='word_1_437' title='bbox 1090 3191 1296 3233; x_wconf 86' lang='lat' dir='ltr'><strong>Acrontem)</strong></span> <span class='ocrx_word' id='word_1_438' title='bbox 1323 3190 1418 3224; x_wconf 75' lang='lat' dir='ltr'><strong>videt</strong></span> <span class='ocrx_word' id='word_1_439' title='bbox 1449 3192 1531 3224; x_wconf 87' lang='lat' dir='ltr'><strong>ante</strong></span> <span class='ocrx_word' id='word_1_440' title='bbox 1556 3200 1659 3224; x_wconf 79' lang='lat' dir='ltr'><strong>cavas</strong></span> <span class='ocrx_word' id='word_1_441' title='bbox 1684 3188 1917 3222; x_wconf 85' lang='lat' dir='ltr'><strong>librantem</strong></span> <span class='ocrx_word' id='word_1_442' title='bbox 1945 3188 2109 3230; x_wconf 76' lang='lat' dir='ltr'><strong>spicula</strong></span> <span class='ocrx_word' id='word_1_443' title='bbox 2131 3188 2258 3222; x_wconf 80' lang='lat' dir='ltr'><strong>turres&#39;</strong></span> <span class='ocrx_word' id='word_1_444' title='bbox 2286 3199 2367 3222; x_wconf 82' lang='lat' dir='ltr'><strong>cum</strong></span> <span class='ocrx_word' id='word_1_445' title='bbox 2395 3187 2523 3232; x_wconf 77' lang='lat' dir='ltr'><strong>verbis,</strong></span> <span class='ocrx_word' id='word_1_446' title='bbox 2550 3199 2641 3234; x_wconf 77' lang='lat' dir='ltr'><strong>quae</strong></span> 
     </span>
     <span class='ocr_line' id='line_1_43' title="bbox 234 3246 2642 3294; baseline 0 -12"><span class='ocrx_word' id='word_1_447' title='bbox 234 3246 446 3283; x_wconf 85' lang='lat' dir='ltr'><strong>Plutarchus</strong></span> <span class='ocrx_word' id='word_1_448' title='bbox 478 3247 565 3292; x_wconf 86' lang='lat' dir='ltr'><strong>(vit.</strong></span> <span class='ocrx_word' id='word_1_449' title='bbox 591 3247 749 3284; x_wconf 83' lang='lat' dir='ltr'><strong>Marcelli</strong></span> <span class='ocrx_word' id='word_1_450' title='bbox 775 3259 805 3284; x_wconf 85' lang='lat' dir='ltr'><strong>c.</strong></span> <span class='ocrx_word' id='word_1_451' title='bbox 832 3248 879 3291; x_wconf 84' lang='lat'><strong>7.)</strong></span> <span class='ocrx_word' id='word_1_452' title='bbox 911 3248 996 3284; x_wconf 87' lang='lat' dir='ltr'><strong>facit</strong></span> <span class='ocrx_word' id='word_1_453' title='bbox 1021 3249 1065 3284; x_wconf 91' lang='lat' dir='ltr'><strong>de</strong></span> <span class='ocrx_word' id='word_1_454' title='bbox 1091 3248 1197 3284; x_wconf 88' lang='lat' dir='ltr'><strong>tertia</strong></span> <span class='ocrx_word' id='word_1_455' title='bbox 1221 3249 1386 3291; x_wconf 68' lang='lat' dir='ltr'><strong>,victima‘</strong></span> <span class='ocrx_word' id='word_1_456' title='bbox 1413 3248 1663 3293; x_wconf 78' lang='lat' dir='ltr'><strong>(Virdomaro):</strong></span> <span class='ocrx_word' id='word_1_457' title='bbox 1690 3246 1899 3287; x_wconf 76' lang='grc' dir='ltr'><strong>,Κατιδὼν</strong></span> <span class='ocrx_word' id='word_1_458' title='bbox 1917 3274 1925 3282; x_wconf 94' lang='grc'><strong>.</strong></span> <span class='ocrx_word' id='word_1_459' title='bbox 1944 3275 1951 3282; x_wconf 94' lang='grc'>.</span> <span class='ocrx_word' id='word_1_460' title='bbox 1972 3275 1978 3282; x_wconf 95' lang='grc'><strong>.</strong></span> <span class='ocrx_word' id='word_1_461' title='bbox 2017 3248 2105 3283; x_wconf 69' lang='grc' dir='ltr'>πολὺ</span> <span class='ocrx_word' id='word_1_462' title='bbox 2131 3248 2196 3294; x_wconf 83' lang='grc' dir='ltr'><strong>πρὸ</strong></span> <span class='ocrx_word' id='word_1_463' title='bbox 2227 3254 2299 3282; x_wconf 82' lang='grc' dir='ltr'>τῶν</span> <span class='ocrx_word' id='word_1_464' title='bbox 2331 3249 2448 3283; x_wconf 78' lang='grc' dir='ltr'>ἄλλων</span> <span class='ocrx_word' id='word_1_465' title='bbox 2480 3248 2642 3287; x_wconf 73' lang='grc' dir='ltr'><strong>ἐξελάσας</strong></span> 
     </span>
     <span class='ocr_line' id='line_1_44' title="bbox 232 3307 1318 3357; baseline 0.003 -17"><span class='ocrx_word' id='word_1_466' title='bbox 232 3307 294 3341; x_wconf 80' lang='grc' dir='ltr'>τὸν</span> <span class='ocrx_word' id='word_1_467' title='bbox 318 3307 421 3341; x_wconf 76' lang='grc' dir='ltr'>ἵππον</span> <span class='ocrx_word' id='word_1_468' title='bbox 446 3307 648 3356; x_wconf 76' lang='grc' dir='ltr'>ὑπηντίασεν</span> <span class='ocrx_word' id='word_1_469' title='bbox 674 3308 745 3355; x_wconf 80' lang='grc' dir='ltr'><strong>ἅμα</strong></span> <span class='ocrx_word' id='word_1_470' title='bbox 767 3333 773 3341; x_wconf 95' lang='grc'><strong>.</strong></span> <span class='ocrx_word' id='word_1_471' title='bbox 796 3335 832 3343; x_wconf 93' lang='grc'><strong>..</strong></span> <span class='ocrx_word' id='word_1_472' title='bbox 860 3308 904 3343; x_wconf 77' lang='grc' dir='ltr'><strong>τὸ</strong></span> <span class='ocrx_word' id='word_1_473' title='bbox 931 3308 1031 3357; x_wconf 79' lang='grc' dir='ltr'>δόρυ</span> <span class='ocrx_word' id='word_1_474' title='bbox 1057 3308 1318 3357; x_wconf 49' lang='grc' dir='ltr'>κραδαίνων]</span> 
     </span>
    </p>

    <p class='ocr_par' dir='ltr' id='par_1_17' title="bbox 448 3367 1191 3411">
     <span class='ocr_line' id='line_1_45' title="bbox 448 3367 1191 3411; baseline 0 -12"><span class='ocrx_word' id='word_1_475' title='bbox 448 3367 476 3410; x_wconf 82' lang='lat'><strong>⁸)</strong></span> <span class='ocrx_word' id='word_1_476' title='bbox 502 3368 548 3400; x_wconf 85' lang='lat' dir='ltr'><strong>cf.</strong></span> <span class='ocrx_word' id='word_1_477' title='bbox 576 3367 762 3400; x_wconf 85' lang='lat' dir='ltr'><strong>Rothstein</strong></span> <span class='ocrx_word' id='word_1_478' title='bbox 788 3368 841 3401; x_wconf 86' lang='lat' dir='ltr'><strong>ed.</strong></span> <span class='ocrx_word' id='word_1_479' title='bbox 868 3370 950 3401; x_wconf 76' lang='lat' dir='ltr'><strong>toni.</strong></span> <span class='ocrx_word' id='word_1_480' title='bbox 977 3368 1024 3410; x_wconf 74' lang='grc' dir='ltr'><strong>Π,</strong></span> <span class='ocrx_word' id='word_1_481' title='bbox 1051 3378 1083 3411; x_wconf 85' lang='lat' dir='ltr'><strong>p.</strong></span> <span class='ocrx_word' id='word_1_482' title='bbox 1111 3370 1191 3401; x_wconf 80' lang='lat'><strong>302.</strong></span> 
     </span>
    </p>
   </div>
  </div>
 </body>
</html>
