2895 3832
1423 167 1478 209 18

451 309 515 351 Ac
547 308 727 363 primum
759 307 931 362 quidem
962 308 1212 351 Euandrum
1242 308 1357 364 apud
1390 322 1539 352 omnes
1571 308 1802 364 scriptores
1832 307 1945 352 hanc
1980 306 2170 350 fabulam
2212 306 2448 351 reserentes
2491 307 2657 363 ,quasi

234 379 428 435 primas
449 384 626 434 partes
647 379 846 422 tenere‘
869 391 953 433 quo
977 378 1068 422 iure
1091 379 1175 423 dici
1202 380 1353 435 possit,
1385 393 1471 423 non
1493 379 1601 423 satis
1621 392 1842 435 assequor.
1895 379 2027 422 Immo
2049 377 2093 421 in
2113 381 2206 421 tota
2217 377 2272 421 de
2292 390 2440 434 pugna
2460 377 2658 421 Herculis

235 455 281 495 et
301 450 408 495 Caci
429 450 675 495 narratione
706 450 835 506 plane
868 463 1216 506 supervacaneus
1245 457 1311 495 est
1331 451 1399 495 hic
1420 451 1484 494 vir
1505 465 1643 507 neque
1665 451 1722 495 ab
1744 450 1941 495 omnibus
1966 449 2243 507 scriptoribus
2273 448 2552 493 introducitur
2576 448 2657 492 nisi

233 526 355 577 post
382 521 487 564 illud
509 521 689 575 facinus,
717 520 778 563 ita
797 525 842 563 ut
861 521 1075 564 Tuerkius
1102 522 1419 565 enumeratione
1439 535 1518 565 sua
1538 521 1682 577 (‚hunc
1704 521 1817 565 enim
1835 521 2060 566 Herculem
2082 520 2258 565 comiter
2279 519 2516 575 accepisse,
2541 520 2657 564 Caco

241 592 466 637 interfecto
498 591 673 635 summis
704 591 905 635 laudibus
938 593 1175 646 extulisse‘)
1217 593 1406 637 ordinem
1439 605 1516 636 suo
1549 592 1757 636 arbitratu
1787 597 1977 636 mutasse
2008 591 2223 648 putandus
2261 590 2328 635 sit.
2389 590 2516 647 Apud
2556 591 2657 635 Ver·

241 663 391 718 gilium
421 662 625 705 Euander
655 662 717 704 ita
748 666 912 705 tantum
944 669 1309 719 commemoratur,
1343 667 1386 706 ut
1403 665 1578 706 Aeneae
1609 662 1726 705 illam
1758 676 1847 705 rem
1878 661 1956 716 (sc.
1990 661 2095 705 Caci
2115 661 2311 715 caedem)
2337 665 2528 704 narret.
2589 661 2657 703 De

245 734 433 788 hospitio
465 738 607 776 autem
645 733 843 776 Herculis
875 740 995 777 ante
1029 735 1208 777 caedem
1241 734 1342 777 Caci
1374 734 1488 777 facto
1523 747 1616 776 cum
1648 733 1866 787 Euandro,
1911 733 1954 775 in
1986 733 2105 776 cuius
2148 733 2288 775 locum
2319 746 2346 775 a
2376 731 2656 787 Propertio

246 805 405 848 Cacum
437 809 634 847 vocatum
668 818 765 847 esse
797 804 1011 848 Tuerkius
1043 806 1144 861 vult,
1185 820 1331 861 neque,
1354 805 1471 861 apud
1502 804 1734 860 Vergilium
1764 818 1903 858 neque
1935 803 2052 859 apud
2083 803 2251 847 Livium
2288 803 2512 859 quicquam
2543 802 2656 845 inve-

238 875 363 917 nitur.
420 874 558 925 Quid?
584 874 700 928 quod
730 875 966 931 Dionysius
990 876 1347 920 Halicarnasseus
1369 881 1413 919 et
1434 876 1622 931 Servius,
1655 875 1726 931 qui
1748 875 1978 931 scriptores
1999 874 2202 918 videlicet
2227 874 2400 917 suntad
2425 874 2656 916 Varronem

237 945 476 1001 redigendi,
519 960 581 988 an
596 952 645 988 te
678 945 795 989 illam
830 946 1011 990 caedem
1042 962 1096 990 ne
1128 948 1330 991 nomine
1363 947 1533 1002 quidem
1565 953 1709 991 notum
1745 945 1877 990 fuisse
1907 945 2111 990 Euandro
2143 946 2372 989 Herculem
2401 959 2454 989 ac
2485 944 2655 988 minime

239 1024 360 1060 tunc
404 1016 635 1072 hospitium
679 1017 789 1060 inter
832 1031 908 1060 eos
950 1018 1245 1062 intercessisse
1289 1019 1457 1062 docent.
1527 1018 1761 1075 Dionysius
1803 1018 1914 1061 enim
1947 1017 2304 1060 Halicarnasseus
2340 1016 2471 1059 tradit
2514 1017 2547 1070 1,
2579 1018 2656 1059 40:

243 1086 307 1136 ‚Oi
340 1088 385 1129 δὲ
414 1086 644 1143 Ἀβοριγῖνες
674 1088 741 1128 καὶ
771 1092 849 1129 τῶν
880 1087 1079 1143 Ἀρκάδων
1112 1090 1146 1130 οἱ
1177 1090 1220 1130 τὸ
1253 1088 1493 1131 Παλλάντιον
1530 1092 1812 1138 κατοικοῦντες,
1851 1090 1911 1133 ὡς
1950 1091 2033 1129 τοῦ
2063 1103 2112 1129 τε
2144 1085 2308 1129 Κάκου
2339 1088 2416 1129 τὸν
2449 1087 2656 1128 θάνατον

234 1156 454 1214 ἔγνωσαν
490 1159 557 1200 καὶ
588 1158 654 1199 τὸν
686 1156 887 1215 Ἡρακλέα
919 1158 1036 1208 εἶδον,
1080 1164 1135 1216 τῷ
1168 1161 1236 1216 μὲν
1268 1160 1540 1217 ἀπεχθόμενοι
1564 1160 1628 1203 διὰ
1654 1160 1721 1207 τὰς
1747 1159 1939 1215 ἁρπαγὰς,
1971 1162 2040 1201 τοῦ
2067 1159 2111 1201 δὲ
2136 1160 2204 1215 τὴν
2231 1157 2317 1216 ὄψιν
2348 1157 2657 1214 ἐκπαγλούμενοι

237 1229 347 1272 θεῖόν
395 1246 429 1272 τι
475 1234 614 1286 χρῆμα
654 1230 840 1286 ἐνόμισαν
883 1232 975 1287 ὁρᾶν
1009 1261 1019 1271 .
1053 1262 1064 1272 .
1098 1262 1108 1272 .
1144 1262 1153 1272 .
1208 1232 1321 1286 ἧκον
1373 1233 1423 1274 δὲ
1474 1234 1515 1273 οἱ
1560 1233 1772 1289 βασιλεῖς
1817 1231 1971 1272 αὐτῶν
2017 1231 2089 1272 ἐπὶ
2134 1231 2260 1276 ξένια
2302 1231 2379 1271 τὸν
2423 1228 2656 1286 Ἡρακλέα

238 1303 521 1347 καλοῦντες.
583 1300 662 1346 (Ως
703 1302 752 1343 δὲ
796 1302 874 1342 καὶ
912 1301 1119 1358 τοῦνομα
1161 1303 1237 1343 καὶ
1273 1303 1324 1344 τὸ
1356 1303 1492 1358 γένος
1531 1302 1673 1344 αὐτοῦ
1712 1303 1789 1343 καὶ
1829 1302 1908 1347 τὰς
1943 1302 2134 1357 πράξεις
2165 1300 2424 1347 διεξιόντος
2455 1298 2655 1355 ἔμαθον,

232 1362 469 1428 ἐνεχείριζον
510 1371 620 1428 αὐτῷ
656 1372 725 1428 τήν
761 1388 805 1413 τε
843 1373 979 1428 χώραν
1020 1373 1085 1413 καὶ
1129 1376 1230 1429 σφᾶς
1272 1372 1411 1420 αὐτοὺς
1457 1375 1519 1415 ἐπὶ
1570 1374 1692 1430 φιλίᾳ.
1778 1371 1980 1429 Εὔανδρος
2024 1373 2068 1414 δὲ
2090 1407 2098 1416 .
2121 1403 2132 1413 .
2155 1403 2166 1413 .
2191 1403 2202 1413 .
2251 1372 2418 1427 ἐπειδὴ
2455 1372 2656 1428 τάχιστα

232 1444 357 1489 ὅστις
387 1443 439 1498 ἢν
471 1443 695 1493 ἐπύθετο,
728 1444 880 1498 φθάσαι
906 1443 1142 1498 βουλόμενος
1167 1444 1340 1490 ἅπαντας
1366 1446 1595 1501 ἀνθρώπους
1626 1444 1829 1500 Ἡρακλέα
1858 1444 1962 1485 θεῶν
1984 1447 2111 1499 τιμαῖς
2131 1448 2282 1498 πρῶτος
2303 1442 2546 1497 ῖλασοίμενος’
2572 1445 2654 1483 κτλ.

236 1515 300 1556 Ac
348 1513 539 1569 Servius,
593 1527 719 1569 quem
774 1519 906 1557 totum
960 1528 1055 1557 esse
1107 1514 1149 1556 in
1206 1516 1406 1558 Varronis
1455 1516 1668 1559 thesauris
1721 1514 2064 1570 archaeologicis
2112 1514 2155 1555 in
2209 1515 2390 1556 obscuro
2441 1525 2526 1555 non
2576 1517 2653 1562 est,

231 1584 373 1640 planis
406 1584 550 1627 verbis
586 1584 730 1640 prodit
758 1584 816 1627 ad
848 1586 952 1628 Aen.
993 1585 1103 1641 VIII,
1144 1588 1254 1628 269:
1302 1585 1439 1639 ,Unde
1472 1586 1602 1629 etiam
1634 1585 1840 1629 Hercules
1872 1584 2032 1641 primo
2065 1597 2166 1627 non
2198 1588 2276 1626 est
2312 1584 2378 1627 ab
2416 1582 2654 1626 Euandro

231 1660 546 1711 susceptus;
592 1660 780 1711 postea
823 1669 942 1698 vero
984 1669 1075 1698 cum
1116 1670 1162 1699 se
1201 1662 1244 1700 et
1276 1658 1389 1701 lovis
1433 1657 1563 1700 filium
1611 1657 1792 1700 dixisset
1835 1662 1878 1700 et
1920 1660 2083 1700 morte
2128 1655 2253 1699 Caci
2294 1655 2490 1698 virtutem
2533 1667 2654 1698 suam

231 1727 479 1782 probasset,
513 1732 556 1769 et
587 1731 812 1781 susceptus
845 1732 887 1769 et
917 1740 994 1782 pro
1025 1728 1194 1770 numine
1226 1728 1397 1771 habitus
1429 1730 1520 1772 est‘
1582 1729 1723 1771 Etiam
1757 1727 1905 1770 Livius
1938 1726 2112 1775 exhibet
2143 1726 2177 1781 1,
2211 1730 2256 1768 7:
2304 1725 2520 1781 ,Euander
2552 1757 2562 1768 .
2597 1757 2607 1767 .
2642 1757 2651 1767 .

232 1802 511 1852 postquam
555 1797 769 1839 facinus
816 1798 922 1850 (scil.
955 1799 1132 1840 caedem
1172 1800 1293 1850 Caci)
1335 1799 1694 1854 facinorisque
1728 1811 1931 1841 causam
1969 1797 2183 1840 audivit
2215 1829 2225 1838 .
2259 1829 2269 1839 .
2304 1829 2327 1851 .,
2366 1796 2537 1851 rogitat,
2582 1795 2653 1850 qui

231 1868 296 1909 vir
334 1873 452 1910 esset
481 1868 586 1920 (scil.
618 1868 857 1924 Hercules).
920 1868 1003 1910 Ubi
1036 1882 1189 1912 nomen
1222 1876 1472 1925 patremque
1504 1883 1557 1912 ac
1587 1870 1770 1924 patriam
1802 1869 1982 1924 accepit‘
2016 1881 2052 1910 e.
2067 1882 2105 1923 q.
2120 1881 2154 1910 s.
2216 1868 2367 1922 Itaque
2398 1872 2520 1922 post
2550 1866 2654 1909 illud

231 1937 393 1981 factum
426 1938 596 1981 demum
642 1938 869 1981 Herculem
902 1940 958 1981 ab
997 1939 1199 1982 Euandro
1232 1941 1409 1983 comiter
1440 1945 1657 1995 receptum
1701 1953 1798 1983 esse
1842 1940 1910 1982 vel
1955 1938 2209 1982 caecutienti
2253 1938 2479 1981 elucescet.
2542 1936 2653 1988 Quin

235 2009 366 2051 etiam
396 2009 508 2051 alios
541 2009 786 2064 scriptores,
825 2022 932 2064 quos
966 2010 1167 2052 Varronis
1199 2011 1458 2066 sapientiam
1491 2024 1644 2067 sapere
1676 2016 1744 2053 sat
1775 2015 1956 2066 constat,
1998 2023 2053 2052 ne
2084 2009 2271 2066 hospitio
2316 2008 2488 2064 quidem
2529 2012 2654 2064 post

234 2081 338 2124 Caci
370 2094 520 2123 necem
552 2081 663 2123 inter
693 2081 920 2123 Herculem
954 2087 996 2123 et
1033 2081 1278 2125 Euandrum
1317 2083 1433 2126 facto
1474 2083 1647 2126 nimium
1683 2082 1887 2138 ponderis
1927 2082 2126 2125 tribuisse
2166 2094 2407 2135 nomenque
2448 2079 2653 2133 Euandri,

233 2152 344 2194 sicut
375 2151 656 2207 Propertium,
690 2152 860 2194 silentio
893 2153 1151 2207 praeterisse
1183 2155 1269 2196 iam
1302 2155 1541 2210 apparebit.
1585 2155 1747 2197 Primus
1771 2154 1970 2197 audiatur
1991 2153 2272 2203 Macrobius1)
2300 2152 2487 2210 (Saturn.
2509 2153 2543 2207 I,
2570 2154 2653 2206 12),

232 2224 302 2279 qui
348 2223 608 2266 Varronis
653 2223 823 2266 nomine
856 2224 985 2278 paulo
1019 2230 1117 2268 ante
1150 2226 1327 2268 laudato
1368 2225 1498 2269 refert
1529 2226 1656 2269 haec:
1696 2226 1909 2281 ,Mulieres
1941 2225 1985 2268 in
2016 2224 2144 2268 ltalia
2175 2238 2299 2268 sacro
2332 2223 2527 2267 Herculis
2568 2236 2654 2266 non

230 2295 331 2336 licet
363 2295 585 2348 interesse,
631 2295 733 2348 quia
766 2295 952 2348 Herculi,
995 2308 1088 2338 cum
1121 2298 1255 2339 boves
1288 2296 1502 2351 Geryonis
1533 2309 1610 2351 per
1641 2310 1770 2351 agros
1812 2296 1965 2339 ltaliae
2006 2296 2194 2349 duceret,
2233 2294 2391 2337 sitienti
2432 2293 2654 2349 respondit

230 2365 382 2407 mulier
415 2398 422 2405 .
458 2397 466 2406 .
502 2397 511 2406 .
545 2365 724 2419 Propter
761 2365 874 2419 quod
919 2366 1125 2409 Hercules
1166 2366 1355 2410 facturus
1395 2380 1562 2410 sacrum
1607 2367 1845 2411 detestatus
1890 2372 1955 2410 est
1995 2366 2285 2422 praesentiam
2328 2365 2579 2408 feminarum
2611 2368 2653 2407 et

234 2435 390 2478 Potitio
423 2449 476 2478 ac
507 2436 680 2478 Pinario
713 2449 932 2479 sacrorum
964 2437 1212 2481 custodibus
1244 2438 1379 2492 iussit,
1411 2451 1466 2481 ne
1498 2439 1695 2482 mulieres
1727 2439 1933 2482 interesse
1965 2437 2285 2493 permitterent.‘
2346 2435 2491 2479 Nihilo
2513 2435 2654 2479 secius

238 2512 354 2549 tacet
386 2506 441 2549 de
474 2506 678 2548 Euandro
723 2507 877 2549 Festus
919 2508 975 2562 (p.
1008 2510 1094 2550 237
1127 2509 1223 2564 M.):
1267 2509 1479 2562 ,Potitium
1520 2514 1562 2551 et
1603 2510 1817 2551 Pinarium
1859 2509 2079 2562 Hercules,
2126 2522 2219 2551 cum
2263 2507 2321 2550 ad
2364 2520 2499 2562 aram,
2542 2519 2654 2561 quae

235 2577 450 2632 hodieque
482 2578 671 2620 maxima
714 2579 971 2633 appellatur,
1017 2579 1227 2623 decimam
1272 2581 1441 2635 bovum,
1486 2593 1593 2634 quos
1626 2594 1653 2623 a
1685 2579 1884 2636 Geryone
1927 2579 2137 2622 abductos
2180 2579 2388 2633 abigebat
2428 2578 2568 2632 Argos
2611 2577 2655 2619 in

232 2648 433 2703 patriam,
488 2648 776 2704 profanasset,
822 2663 959 2704 genus
1003 2650 1202 2694 sacrificii
1253 2650 1451 2694 edocuit.‘
1525 2651 1651 2694 Adde
1696 2650 1811 2704 quod
1854 2650 2098 2705 scriptoreS,
2142 2649 2212 2703 qui
2256 2648 2447 2691 fabulam
2489 2647 2657 2703 plenius

240 2723 509 2773 enarrarunt,
555 2719 600 2761 id
632 2720 814 2774 variant,
855 2725 898 2762 ut
929 2720 1001 2763 alii
1036 2721 1098 2764 ab
1131 2721 1251 2776 ipso
1284 2721 1520 2765 Hercule
1563 2721 1694 2764 Aram
1725 2720 1958 2764 Maximam
1999 2719 2104 2763 sibi
2146 2719 2432 2774 constitutam,
2477 2717 2553 2761 alii
2593 2717 2656 2761 ab

230 2789 484 2832 Euandro
517 2789 735 2833 conditam
765 2804 900 2845 aram,
951 2792 1008 2835 ab
1041 2792 1224 2836 Hercule
1257 2797 1420 2835 tantum
1452 2792 1631 2836 Potitios
1675 2806 1728 2836 ac
1770 2791 1967 2835 Pinarios
2011 2790 2259 2834 sacerdotes
2302 2789 2516 2833 institutos
2559 2802 2657 2833 esse

228 2859 426 2916 tradant3
474 2860 525 2904 cf.
568 2861 819 2917 Hertzberg.
856 2861 923 2906 ed.
967 2867 1065 2907 tom.
1104 2863 1168 2906 111
1207 2875 1249 2919 p.
1290 2864 1376 2907 486
1418 2877 1479 2919 sq.
1545 2862 1641 2916 Qua
1672 2877 1718 2908 re
1759 2861 1935 2908 Tuerkii
1975 2861 2029 2906 de
2070 2860 2274 2906 Euandro
2315 2859 2445 2917 ‚apud
2477 2873 2656 2905 omnes

228 2931 460 2986 scriptores
482 2932 605 2985 quasi
623 2933 785 2987 primas
810 2936 970 2988 partes‘
988 2940 1162 2978 tenente
1195 2935 1434 2978 sententiae
1466 2936 1580 2990 quod
1604 2936 1798 2983 restabat
1823 2934 2087 2978 fundamenti
2115 2932 2386 2976 subtrahitur.
2440 2933 2578 2987 Atque
2602 2955 2653 2964 —

231 3000 277 3044 id
323 3001 499 3045 adicere
544 3016 704 3058 operae
752 3004 831 3047 erit
874 3005 1055 3060 pretium
1104 3030 1153 3037 —
1206 3019 1300 3048 curn
1352 3006 1597 3062 Propertius
1639 3005 1979 3061 superiorem
2023 3004 2232 3047 rationem
2275 3008 2445 3046 secutus
2489 3002 2544 3046 sit
2585 3001 2658 3057 (cf.

240 3072 491 3128 Hertzberg.
526 3073 550 3117 l.
583 3074 640 3130 l.),
673 3074 841 3119 Livium
876 3090 995 3119 suum
1028 3076 1242 3120 Tuerkius
1274 3077 1460 3120 inveniet
1492 3078 1534 3120 in
1574 3091 1748 3120 numero
1789 3091 1948 3131 eorum,
1987 3075 2057 3130 qui
2089 3075 2278 3118 fabulam
2317 3073 2372 3117 de
2411 3072 2658 3116 Euandro

227 3143 341 3188 Arae
373 3143 592 3188 Maximae
623 3145 844 3190 conditore
876 3146 1200 3191 adamaverunt.

223 3297 255 3331 V
344 3297 355 3332 1
441 3237 469 3285 ¹)
505 3237 562 3275 De
586 3237 765 3276 Macrobio
795 3239 1096 3278 Varronianorum
1137 3241 1364 3288 vestigiortun
1397 3241 1500 3288 pleno
1538 3242 1584 3278 cf.
1612 3241 1652 3277 G.
1678 3240 1864 3286 Wissowa,
1896 3239 1951 3277 De
1975 3238 2146 3277 Macrobii
2172 3236 2450 3276 Saturnaliorum
2484 3235 2656 3282 fontibus,

257 3297 342 3333 ratis
356 3308 413 3334 av.
456 3301 558 3335 1880.
