2895 3832
1453 193 1479 230 4

208 319 210 321 V
252 330 451 373 videlicet
494 330 734 386 Fastorum,
780 330 933 385 quibus
977 344 1054 386 per
1097 330 1289 385 singulos
1327 344 1498 373 menses
1543 330 1636 372 dies
1675 329 1775 371 anni
1814 329 1995 371 Romani
2038 326 2172 370 festos
2217 332 2260 369 et
2305 328 2409 370 ritus
2463 325 2666 369 describit

253 428 302 433 —
351 400 575 445 dimidiam
608 406 772 445 tantum
798 406 959 458 partem
982 402 1224 445 absolutam
1260 416 1356 445 esse
1389 416 1475 445 non
1497 401 1684 445 nescitur
1719 427 1787 456 —,
1830 404 1960 456 poeta
2000 398 2093 455 ipse
2136 398 2199 442 sic
2241 399 2429 455 explicat
2469 402 2665 442 naturam

247 473 382 526 (Fast.
417 474 450 530 Ι,
485 476 507 516 1
543 477 673 529 sqq.):

822 546 1051 600 ,Tempora
1084 559 1178 589 cum
1209 545 1351 588 causis
1386 545 1556 588 Latium
1589 544 1758 600 digesta
1789 557 1866 599 per
1897 556 2053 586 annum

822 616 1056 671 Lapsaque
1089 617 1167 659 sub
1199 620 1336 659 terras
1368 620 1547 671 ortaque
1579 616 1704 671 signa
1736 628 1888 659 canam
1922 646 2099 656 .....

822 687 957 729 Sacra
988 700 1275 741 recognosces
1307 687 1532 730 annalibus
1565 692 1685 730 eruta
1716 687 1868 742 priscis

820 757 876 799 Et
907 770 990 810 quo
1023 757 1078 799 sit
1109 757 1260 800 merito
1293 771 1491 811 quaeque
1523 762 1673 801 notata
1704 757 1822 800 dies}

465 839 530 883 Cf.
564 839 680 882 Fast.
716 839 770 894 ll,
806 842 853 881 7:

818 908 955 964 ,Idem
986 923 1108 953 sacra
1140 924 1249 953 cano
1283 910 1539 967 signataque
1571 916 1765 967 tempora
1796 909 1946 953 fastis.‘

465 992 603 1043 Quam
636 992 860 1035 Fastorum
899 992 1191 1035 definitionem
1228 993 1400 1036 minime
1440 994 1596 1037 cadere
1634 995 1678 1036 in
1715 993 1922 1048 Propertii
1961 993 2145 1047 quinque
2184 993 2350 1047 elegias
2391 994 2433 1035 in
2474 997 2670 1047 promptu

251 1069 327 1120 est,
368 1064 450 1107 nisi
481 1062 597 1119 quod
629 1062 681 1107 el.
716 1063 749 1119 1,
783 1064 839 1106 69
873 1062 994 1118 ,dies‘
1030 1076 1077 1107 se
1110 1068 1375 1108 cantaturum
1407 1065 1612 1121 promittit
1643 1070 1794 1122 poeta3
1836 1065 1917 1109 hoc
1949 1068 2091 1109 autem
2121 1064 2218 1121 ipso
2251 1078 2375 1109 versu
2408 1078 2502 1109 cum
2534 1064 2668 1109 dicat:

752 1136 902 1192 ,Sacra
936 1135 1114 1192 diesque
1147 1150 1301 1181 canam
1334 1142 1376 1181 et
1408 1139 1665 1194 cognomina
1696 1138 1837 1195 prisca
1868 1138 2120 1193 locorum,‘

248 1208 516 1265 impedimur,
555 1208 784 1262 quominus
823 1208 901 1251 toti
932 1212 1173 1252 nostrarum
1206 1209 1440 1264 elegiarum
1479 1210 1624 1254 libello
1664 1210 1829 1253 titulum
1867 1210 2016 1253 demus
2058 1209 2261 1265 ,Dierum‘
2300 1211 2368 1253 vel
2408 1210 2670 1266 ,Fastorum‘.

248 1282 313 1323 An
335 1279 561 1335 quisquam
593 1283 716 1335 putat
739 1279 1013 1335 ‚cognomina
1034 1280 1181 1335 prisca
1207 1281 1407 1324 locorum‘
1438 1281 1649 1337 pertinere
1678 1282 1737 1325 ad
1771 1282 1994 1324 Fastorum
2022 1280 2382 1338 descriptionem?
2432 1281 2483 1325 Id
2504 1294 2671 1337 quoque

249 1353 305 1396 ab
338 1352 452 1395 illius
484 1351 725 1395 sententiae
747 1351 1036 1395 assectatione
1069 1365 1147 1395 nos
1181 1352 1379 1408 deterret,
1413 1353 1528 1408 quod
1559 1367 1684 1396 versu
1718 1356 1785 1396 57.
1820 1353 2016 1409 ,moenia‘
2050 1352 2354 1408 dispositurum
2381 1367 2427 1397 se
2453 1353 2672 1409 profitetur

245 1427 389 1481 poeta.
454 1422 649 1478 Denique
702 1422 739 1465 si
783 1434 951 1465 omnem
1009 1422 1192 1478 quinque
1245 1423 1432 1478 illarum,
1476 1436 1583 1479 quas
1638 1424 1794 1467 Sextus
1863 1423 2044 1479 reliquit,
2108 1423 2343 1479 elegiarum
2394 1424 2579 1468 indolem
2631 1427 2674 1467 et

248 1495 449 1537 habitum
482 1493 723 1536 accuratius
746 1494 1023 1548 contemplati
1045 1494 1213 1549 erimus,
1248 1495 1499 1549 ,Fastorum‘
1533 1496 1622 1537 sive
1646 1495 1845 1550 ,Dierum‘
1879 1494 2019 1537 indice
2053 1507 2129 1536 cas
2160 1494 2522 1550 comprehendere
2548 1494 2672 1537 nimis

249 1565 444 1607 nimirum
477 1563 785 1619 dubitabimus,
820 1563 921 1618 quin
955 1563 1084 1607 etiam
1116 1564 1366 1607 vetabimur.

461 1635 601 1677 Aliam
625 1635 678 1677 (16
700 1634 879 1677 consilio
901 1634 1066 1677 illorum
1087 1636 1318 1684 carminum
1340 1636 1595 1679 sententiam
1614 1635 1788 1692 protulit
1802 1635 1898 1679 Chr.
1917 1635 2664 1688 Luetiohannes(Commentationes

247 1706 570 1762 Propertianae,
604 1706 746 1747 Kiliae
784 1708 911 1760 1869,
944 1720 982 1761 p.
1016 1707 1104 1761 47),
1139 1720 1232 1748 cum
1267 1708 1609 1762 ,Periegesin‘
1642 1721 1748 1763 quae
1781 1707 1934 1749 dicitur
1970 1707 2087 1749 urbis
2129 1708 2293 1749 Romae
2333 1720 2588 1762 componere
2625 1707 2668 1748 in

245 1779 388 1819 animo
413 1777 614 1819 habuisse
638 1777 903 1831 Propertium
925 1778 1215 1819 contenderet.
1257 1779 1382 1828 Quod
1408 1784 1453 1819 ut
1479 1780 1750 1834 coniectaret,
1776 1792 1930 1833 nempe
1945 1778 2171 1819 commovit
2185 1792 2280 1819 eum
2309 1778 2471 1832 primae
2494 1778 2663 1832 elegiae

244 1862 395 1890 versus
431 1851 476 1889 1:

709 1919 830 1973 ,Hoc,
863 1918 1159 1973 quodcumque
1192 1920 1327 1974 vides,
1361 1920 1571 1975 hospes,
1606 1934 1690 1974 qua
1722 1920 1909 1961 maxima
1940 1921 2072 1961 Roma
2104 1922 2196 1975 est,‘

244 1991 317 2033 ubi
344 1996 475 2046 poeta
501 1989 715 2045 hospitem
741 1989 910 2032 videtur
934 1990 1105 2044 alloqui.
1168 1991 1499 2034 Evidentissime
1522 1997 1664 2038 autem
1696 1991 1909 2045 falluntur,
1943 1992 1978 2034 si
2010 1991 2080 2046 qui
2113 1991 2167 2034 de
2199 1991 2280 2033 hoc
2312 1991 2439 2033 illovc
2472 1991 2662 2045 cogitant

244 2062 434 2117 hospite;
476 2062 604 2104 immo
650 2062 778 2103 utitur
820 2067 967 2104 noster
1006 2062 1200 2117 artificio,
1245 2063 1359 2117 quod
1397 2063 1571 2118 saepius
1610 2064 1817 2106 adhibent
1856 2068 2025 2118 poetae,
2071 2069 2116 2105 ut
2153 2063 2439 2106 ardentiorem
2482 2062 2666 2105 reddant

246 2133 483 2176 orationem
526 2132 898 2188 fervidioremque,
944 2133 1150 2189 imprimis
1199 2134 1240 2175 in
1286 2134 1349 2177 eis
1394 2136 1670 2191 argumentis,
1716 2135 1868 2190 quibus
1912 2135 2073 2189 aliquid
2118 2134 2327 2177 adhaeret
2371 2133 2669 2177 sollemnitatis

247 2206 372 2247 Velut
403 2205 693 2247 Callimachus
731 2205 851 2246 initio
891 2205 1104 2259 carminis,
1150 2206 1265 2259 quod
1296 2219 1324 2247 a
1355 2206 1619 2248 Schneidero
1656 2207 1740 2260 (II.,
1774 2220 1815 2260 p.
1852 2209 1952 2258 144)
1987 2208 2113 2261 γάμος
2154 2205 2352 2261 Ἀρσινόης
2393 2205 2666 2260 appellatum,

245 2281 324 2331 est,
367 2276 550 2319 eandem
581 2276 624 2317 in
656 2289 778 2318 usum
810 2281 938 2318 vocat
968 2281 1103 2319 artem
1136 2277 1449 2331 prooemiandi:

892 2346 1115 2403 ,Ἀρσινόης,
1150 2349 1182 2389 ὦ
1216 2350 1362 2398 ξεῖνε,
1395 2349 1520 2403 γάμον
1553 2347 1823 2405 καταβάλλομ)
1860 2348 2033 2390 ἀείδειν.6

457 2418 594 2463 Simili
627 2418 792 2463 ratione
825 2431 910 2463 non
943 2419 1110 2463 dubitat
1142 2419 1204 2462 vir
1236 2419 1400 2475 doctus,
1439 2420 1538 2475 quin
1579 2432 1633 2463 ex
1671 2420 1807 2463 altera
1840 2419 1981 2475 elegia
2016 2419 2154 2475 possit
2183 2419 2273 2476 peti
2305 2419 2502 2463 columen
2533 2419 2658 2464 huius

245 2490 486 2533 sententiae
510 2490 764 2533 Vertumnus
795 2491 1029 2545 loquens.
1095 2491 1182 2534 Sed
1213 2504 1267 2534 ne
1300 2492 1341 2533 in
1376 2491 1455 2533 hoc
1492 2491 1665 2545 quidem
1703 2491 1889 2534 carmine
1926 2503 2034 2534 unus
2073 2491 2252 2546 quilibet
2291 2490 2432 2546 homo,
2471 2503 2653 2545 quocum

244 2574 483 2603 sermonem
523 2561 686 2603 habeat
718 2560 839 2615 deus,
884 2561 1137 2604 statuendus
1179 2567 1262 2617 est,
1306 2562 1448 2617 potius
1480 2563 1753 2604 Vertumnum
1786 2562 1840 2604 de
1873 2575 1951 2604 sua
1982 2562 2146 2617 origine
2179 2566 2222 2603 et
2253 2566 2406 2604 natura
2437 2561 2656 2604 vividioris

242 2632 543 2674 tantummodo
569 2632 726 2674 coloris
749 2645 882 2675 causa
903 2633 1046 2675 induci
1070 2633 1280 2676 dicentem
1306 2647 1449 2676 coram
1471 2634 1595 2675 turba
1617 2638 1767 2687 togata
1795 2637 1894 2676 ante
1922 2633 2058 2688 pedes
2079 2646 2180 2676 suos
2197 2637 2458 2687 transeunte,
2473 2633 2663 2688 sequitur

247 2716 340 2747 cum
388 2716 411 2747 e
461 2703 662 2747 versibus
712 2706 737 2745 5
771 2708 813 2746 et
845 2705 917 2755 56,
962 2708 1048 2747 tum
1089 2718 1112 2748 6
1144 2704 1338 2748 versibus
1389 2707 1445 2747 57
1486 2717 1564 2760 sq„
1610 2705 1681 2748 ubi
1727 2704 1833 2748 deus
1877 2705 2013 2749 civem
2059 2705 2274 2760 quendam
2318 2704 2375 2748 ad
2418 2704 2664 2749 vadimonia

245 2780 484 2818 currentem
538 2774 695 2817 morari
755 2788 801 2818 se
859 2776 973 2819 nolle
1032 2776 1105 2819 ait.
1189 2777 1281 2820 Nec
1333 2777 1560 2832 quicquam
1613 2776 1794 2831 colligas
1846 2775 1940 2819 cum
1983 2776 2280 2821 Luetiohanne
2333 2789 2357 2820 e
2412 2776 2662 2832 pronomine

246 2846 580 2890 demonstrativo
615 2846 712 2902 ,hic‘
745 2847 817 2903 (el.
852 2847 884 2902 1,
919 2846 986 2903 5):

906 2918 1140 2973 ,Fictilibus
1173 2933 1347 2962 crevere
1380 2919 1475 2963 deis
1508 2920 1635 2963 haec
1668 2932 1801 2962 aurea
1832 2920 2019 2974 templa.‘

460 3001 549 3054 ,Ha
562 3015 618 3043 66
650 3015 785 3043 aurea
816 3002 991 3056 templa‘
1024 3016 1108 3043 non
1131 3003 1189 3043 ad
1210 3003 1350 3044 locum
1372 3009 1584 3058 spectare,
1628 3003 1707 3045 sed
1745 3003 1803 3044 ad
1840 3007 2005 3059 tempus
2044 3004 2162 3059 („die
2194 3003 2386 3058 'PempeL
2421 3003 2490 3045 die
2516 3006 2665 3058 jetzt

245 3085 327 3113 von
351 3071 465 3113 Gold
494 3072 786 3126 strahlen“)¹),
820 3073 1126 3114 sententiarum
1153 3087 1319 3115 conexu
1341 3075 1622 3128 cognoscitur.
1686 3075 1865 3129 Insuper
1896 3075 2063 3130 eodem,
2108 3088 2232 3129 quem
2265 3074 2308 3116 in
2341 3075 2662 3117 Lachmannum

245 3142 537 3196 produximus,
579 3156 704 3185 versu
739 3143 872 3185 everti
905 3144 1071 3186 videtur
1103 3145 1410 3187 Luetiohannis
1455 3145 1614 3200 opinio,
1673 3144 1769 3187 dico
1811 3145 1974 3200 primae
2007 3146 2176 3200 elegiae
2209 3159 2247 3188 v.
2287 3148 2356 3188 69.
2421 3146 2515 3196 Quo
2549 3145 2661 3187 enim

246 3218 373 3268 pacto
408 3213 530 3267 ,dies‘
563 3214 702 3267 redigi
728 3215 894 3268 possint
917 3216 996 3257 sub
1022 3215 1299 3269 periegeseos
1325 3217 1541 3270 propriam
1566 3216 1798 3270 notionem,
1830 3216 1901 3259 vix
1928 3217 2152 3271 quisquam
2174 3217 2398 3271 intellegit.

461 3334 486 3370 ¹)
526 3334 711 3366 Rothstein
739 3334 792 3367 ed.
820 3335 903 3367 tom.
931 3335 978 3375 II,
1008 3344 1039 3376 p.
1070 3337 1154 3376 1683
1182 3334 1229 3367 cf.
1257 3335 1431 3377 Krahner,
1458 3335 1582 3369 Philol.
1610 3337 1692 3368 tom.
1720 3334 1876 3370 XXVII.
1905 3346 1936 3379 p.
1965 3338 2008 3368 66
2024 3347 2074 3379 sq.
