2895 3832
1430 163 1455 199 7

232 300 341 344 Eine
371 297 592 355 poetische
637 297 867 353 Periegese
912 298 990 341 der
1020 298 1148 342 Stadt
1179 299 1322 342 wollte
1355 313 1401 341 er
1432 300 1633 353 liefern“;
1668 300 1719 342 cf.
1750 306 1849 342 tom.
1873 300 1905 353 I,
1939 314 1978 354 p.
2012 299 2122 355 XV),
2156 304 2199 341 et
2230 299 2396 353 primo
2428 300 2551 343 loco
2584 299 2638 342 de

236 370 431 427 ,Causis‘,
466 367 757 424 ,Originibus‘,
790 369 970 425 ,Aetiis‘,
994 370 1278 425 ‚aetiologicis
1300 371 1572 415 carminibus‘
1605 371 1814 425 cogitetur
1834 370 2070 414 rationibus
2100 369 2229 413 modo
2258 370 2436 424 prolatis
2465 384 2643 414 necesse

278 442 288 452 .
323 441 333 451 .
396 440 405 449 .
558 440 574 468 1

233 441 336 485 mlhl
366 439 590 543 wueltffiia)
605 502 651 541 ut
694 503 954 555 contexeret,
1000 500 1222 557 Lynceum
1253 500 1436 545 amicum
1468 500 1660 545 saucium
1692 500 1785 556 ipse
1811 500 2062 545 adhortatus
2089 503 2182 544 erat
2212 500 2307 556 (ΙΙΙ,
2330 501 2399 552 32,
2429 499 2517 555 32),
2551 513 2643 543 curn

238 571 277 615 ei
309 569 524 625 suaderet,
568 573 614 612 ut
643 569 879 614 imitaretur
923 585 1020 627 ,non
1052 571 1187 616 inflati
1219 572 1386 616 somnia
1419 571 1694 616 Callimachi'.
1759 570 1853 622 Quo
1893 571 1987 614 loco
2027 571 2125 627 quin
2165 570 2360 628 ,somnia‘
2403 570 2458 614 de
2499 569 2642 612 Αἰτίων

234 641 353 685 libris
374 640 697 696 interpretanda
719 641 815 697 sint,
837 641 909 685 vix
930 642 1010 685 erit
1031 642 1102 697 qui
1123 642 1167 685 in
1196 642 1503 686 dubitationem
1532 656 1690 686 vocare
1718 642 1841 697 velit,
1874 641 1925 686 cf.
1949 643 2198 698 Hertzberg,
2227 642 2401 693 Quaest.
2435 641 2643 696 Propertt.

233 726 275 768 p.
312 712 394 754 195
422 723 514 766 sqq.

448 782 554 825 Item
588 783 796 839 Propertii
833 783 923 827 fere
958 789 1103 827 aetate
1133 785 1325 828 Graecos
1361 785 1569 840 quosdam
1599 790 1752 841 poetas
1781 784 1823 826 in
1857 785 2037 839 ,Causas
2066 784 2296 827 Romanas¹
2323 783 2646 840 componendas

235 853 465 896 contulisse
481 853 677 908 ,studium
691 854 782 896 sine
804 855 934 897 divite
951 857 1075 898 vena‘
1095 856 1219 898 nobis
1239 869 1325 898 non
1340 856 1679 898 obliviscendum
1701 860 1781 897 est.
1828 856 1954 896 Velut
1976 854 2224 896 Plutarchus
2235 855 2323 906 (vit.
2338 855 2506 914 Romuli
2520 868 2557 896 c.
2573 856 2647 907 21)

238 924 363 966 affert
394 923 555 966 Butae
589 923 739 979 ,Αἰτίοις
770 925 967 980 μυθώδεις
998 926 1037 967 ἐν
1069 927 1252 981 ἐλεγείοις
1282 927 1369 982 περὶ
1400 930 1475 967 τῶν
1505 925 1777 981 Ῥωμαϊκῶν.“
1819 925 2092 980 Agathylli
2117 938 2283 980 quoque
2305 924 2455 968 similis
2476 925 2644 968 consilii

234 1007 341 1051 opus
372 999 676 1037 commemorat
708 996 834 1038 Dion.
869 996 966 1039 Hal.
989 997 1209 1052 Antiquitt.
1243 998 1358 1039 Rom.
1386 998 1420 1053 I,
1449 999 1517 1039 49.
1581 998 1731 1051 Neque
1770 996 1884 1051 quod
1917 1009 2062 1038 eorum
2096 1009 2227 1051 opera
2258 996 2440 1038 citantur
2470 996 2643 1050 ἐλεγεῖα,

236 1068 379 1120 potest
435 1064 584 1107 mirum
641 1064 802 1109 habere
846 1079 965 1122 eum,
1028 1068 1099 1121 qui
1142 1067 1394 1110 Callimachi
1451 1066 1562 1109 Αἴτια
1618 1080 1703 1109 non
1746 1080 1844 1109 raro
1898 1066 2050 1109 eodem
2096 1066 2216 1108 titulo
2280 1066 2510 1121 significari
2562 1066 2645 1109 scit

232 1134 307 1192 (cf.
343 1134 580 1179 Schneider
609 1136 774 1179 Callim.
808 1137 862 1193 II,
894 1151 933 1193 p.
961 1140 1048 1180 214
1080 1152 1189 1194 sqq.;
1221 1138 1399 1194 Dilthey
1431 1138 1485 1180 de
1510 1138 1706 1194 Cydippe
1737 1151 1778 1193 p.
1810 1141 1865 1179 74
1898 1140 2017 1192 sqq.).
2069 1136 2213 1179 Tertio
2237 1137 2331 1179 loco
2357 1136 2642 1180 nominandus

233 1210 299 1250 est
330 1205 574 1263 Simylus,
613 1206 667 1251 de
700 1220 783 1262 quo
816 1208 970 1252 audias
1001 1209 1201 1253 Meineke
1232 1209 1341 1253 Hist.
1376 1209 1465 1254 crit.
1499 1209 1646 1253 comic.
1679 1214 1808 1265 poett.
1841 1207 1974 1264 praef.
2007 1222 2047 1264 p.
2086 1207 2177 1252 XV.
2217 1208 2367 1252 Verum
2405 1207 2642 1252 Graeculos

234 1277 330 1320 illos
362 1291 511 1321 omnes
544 1291 641 1322 esse
672 1287 857 1335 magnae
890 1280 1192 1336 neglegentiae
1224 1280 1386 1325 crimini
1420 1281 1629 1325 obnoxios
1661 1280 1740 1323 sub
1772 1280 1912 1323 iudice
1944 1292 2029 1322 non
2062 1284 2140 1335 est,
2172 1292 2309 1335 neque
2333 1278 2542 1323 habemus
2568 1292 2643 1323 cur

232 1348 407 1389 horum
439 1354 674 1405 poetarum,
719 1350 790 1404 qui
822 1350 994 1405 quidem
1033 1355 1075 1393 et
1105 1356 1249 1394 aetate
1282 1356 1324 1394 et
1354 1352 1615 1407 argumentis
1648 1351 1688 1393 ei
1720 1351 1942 1406 propiores
1976 1355 2110 1405 erant,
2156 1363 2257 1391 non
2301 1350 2499 1392 Gallim
2515 1350 2641 1392 achi

233 1419 429 1473 exemplo
460 1432 582 1461 usum
615 1433 711 1462 esse
744 1420 919 1462 Sextum
952 1422 1188 1464 credamus.
1242 1423 1373 1464 Immo
1407 1423 1442 1464 si
1475 1424 1617 1477 plures
1652 1426 1926 1477 superessent
1958 1434 2103 1462 eorum
2135 1420 2354 1474 reliquiae,
2389 1420 2567 1463 consilio
2598 1425 2642 1462 et

232 1489 397 1532 ratione
430 1490 493 1532 eis
525 1490 799 1533 adversatum
831 1505 928 1534 esse
959 1497 1148 1534 nostrum
1178 1493 1357 1535 forsitan
1394 1506 1523 1547 posse
1562 1492 1844 1535 demonstrari
1877 1491 1992 1533 haud
2040 1491 2183 1545 inique
2220 1490 2344 1532 nobis
2380 1491 2639 1543 persuadere

233 1560 375 1604 studet
405 1560 666 1605 Kirchnerus
697 1562 744 1620 (l.
776 1562 804 1605 l.
837 1576 879 1617 p.
915 1566 998 1616 77).
1062 1563 1184 1615 Quae
1216 1569 1300 1606 iam
1332 1577 1416 1607 non
1450 1569 1516 1607 est
1546 1563 1660 1619 quod
1691 1563 1882 1619 pluribus
1913 1575 2228 1618 persequamur.

446 1634 694 1688 ,Causas‘
734 1634 861 1689 igitur
903 1640 1126 1679 teneamus
1158 1649 1254 1679 esse
1299 1636 1395 1679 illas
1435 1636 1642 1691 Propertii
1687 1635 1852 1691 elegias
1863 1638 1906 1690 2),
1938 1633 2192 1689 regionatim
2232 1660 2284 1665 —
2334 1633 2392 1676 nil
2441 1632 2639 1688 equidem

235 1717 427 1760 repugno
453 1729 501 1737 —
520 1705 777 1762 dispositas,
807 1720 860 1749 ex
883 1706 1133 1751 Callimachi
1156 1708 1352 1763 exemplo
1375 1712 1505 1763 ortas,
1537 1708 1789 1751 Maecenate
1810 1706 1995 1749 fortasse
2009 1705 2261 1749 adhortante
2290 1704 2360 1758 (cf.
2392 1705 2638 1748 Buecheler.

234 1774 342 1819 Mus.
372 1775 563 1821 Rhenan.
594 1781 695 1821 tom.
732 1777 932 1834 XXXVI,
964 1791 1005 1834 p.
1041 1780 1127 1822 336
1153 1781 1248 1834 sq.),
1281 1783 1423 1835 atque,
1456 1779 1570 1834 quod
1603 1778 1705 1822 mihi
1737 1777 1906 1834 quidem
1939 1778 2171 1833 probarunt
2201 1776 2278 1819 viri
2310 1775 2422 1820 docti
2454 1775 2497 1818 in
2528 1775 2639 1819 hanc

233 1847 488 1890 sententiam
527 1847 796 1904 inclinantes,
840 1853 1044 1904 provecta
1080 1849 1165 1893 iam
1189 1853 1401 1906 aetate3);
1439 1850 1532 1906 ipse
1563 1863 1716 1905 nempe
1756 1853 1887 1905 poeta
1925 1848 2142 1903 grandiori
2179 1847 2309 1891 aetati
2346 1846 2463 1889 aliud
2504 1859 2639 1902 genus

231 1918 377 1972 poesis
407 1924 668 1976 reservarat3
701 1919 754 1963 cf.
788 1920 864 1976 111,
900 1924 938 1975 1,
974 1925 997 1964 7
1031 1934 1111 1976 sq.:

798 1992 945 2046 ,Aetas
975 1991 1114 2047 prima
1145 1996 1274 2036 canat
1306 1992 1508 2047 Veneres,
1541 1996 1733 2036 extrema
1763 1990 1988 2045 tumultus3

798 2062 922 2105 Bella
953 2075 1119 2118 canam,
1152 2063 1323 2118 quando
1356 2063 1514 2118 scripta
1544 2062 1689 2117 puella
1720 2075 1818 2105 mea
1850 2062 1940 2104 est.‘

444 2131 533 2174 Sed
565 2133 736 2175 tametsi
781 2146 940 2187 genus
986 2134 1132 2177 horum
1189 2135 1418 2178 carminum
1477 2133 1743 2178 Callimacho
1790 2145 1867 2175 suo
1931 2132 2073 2186 debet,
2137 2135 2277 2173 tamen
2333 2135 2639 2184 argumenta

235 2201 453 2245 Aetiorum
475 2202 859 2246 Callimacheorum
881 2205 1118 2259 exprimere
1139 2219 1223 2249 non
1250 2205 1441 2260 potuisse
1468 2204 1735 2260 Propertium
1762 2204 1805 2245 in
1827 2203 2053 2258 propatulo
2076 2207 2154 2256 est,
2186 2215 2278 2244 cum
2306 2200 2638 2244 Alexandrinum

230 2270 346 2313 illum
394 2277 568 2327 poetam
608 2273 837 2317 Graecas
877 2280 1086 2319 tractasse
1126 2275 1296 2319 fabulas
1342 2280 1519 2319 constet.
1583 2274 1794 2326 Quocirca
1824 2279 1969 2316 nostro
2004 2272 2189 2316 adeundi
2227 2275 2348 2314 erant
2394 2271 2637 2326 scriptores,

229 2342 300 2395 qui
343 2344 680 2388 Romanarum
726 2346 1022 2400 antiquitatum
1073 2347 1267 2390 notitiam
1312 2348 1662 2403 explanaverant.
1739 2345 1822 2397 Qui
1862 2360 1963 2388 vero
2004 2344 2159 2387 suerint
2200 2342 2261 2385 illi
2305 2342 2549 2397 scriptores,
2593 2342 2637 2384 in

231 2411 314 2456 hac
343 2414 562 2469 paucitate
595 2416 831 2472 elegiarum
862 2430 968 2461 sane
990 2416 1284 2461 difficillimum
1316 2422 1382 2463 est
1413 2418 1652 2462 enucleare.
1714 2417 1854 2471 Atque
1876 2416 1987 2459 hanc
2008 2414 2312 2470 quaestionem,
2345 2426 2473 2468 quam
2505 2417 2638 2456 antea

231 2496 375 2537 paene
407 2499 492 2529 non
524 2486 754 2542 tetigerant
792 2488 870 2531 viri
909 2488 1024 2533 docti
1036 2491 1081 2545 ⁴),
1119 2490 1278 2545 primus
1317 2489 1556 2533 accuratius
1594 2487 1860 2543 perpendere
1899 2491 2075 2531 conatus
2113 2490 2179 2528 est
2215 2484 2434 2527 Mauritius
2465 2484 2640 2527 Tuerk

229 2552 544 2609 dissertatione,
568 2571 679 2613 quae
693 2558 816 2602 Halis
829 2559 988 2614 prodiit
1002 2574 1042 2603 a.
1059 2560 1099 2603 h.
1131 2574 1166 2604 s.
1200 2563 1270 2616 85,
1304 2574 1431 2616 quam
1458 2558 1692 2615 inscripsit:
1724 2558 1806 2614 ,De
1820 2557 2026 2613 Propertii
2046 2555 2275 2600 carminum
2289 2567 2401 2609 quae
2422 2554 2638 2610 pertinent

228 2624 287 2666 ad
317 2626 614 2681 antiquitatem
646 2630 883 2673 Romanam
916 2631 1188 2674 auctoribus‘.
1252 2630 1348 2682 Qua
1393 2630 1695 2674 dissertatione
1728 2629 1927 2683 egregias
1959 2626 2136 2682 Augusti
2172 2625 2338 2669 Ottonis
2371 2625 2453 2680 ,De
2478 2624 2637 2668 fabulis

441 2732 468 2775 ²)
501 2733 810 2778 Heydenreichius
847 2746 996 2781 quoque,
1040 2737 1139 2771 cuius
1170 2737 1325 2771 strenuis
1362 2736 1456 2771 curis
1481 2735 1721 2779 Propertianis
1753 2744 1875 2769 omnes
1899 2731 2108 2777 pennultum
2134 2730 2314 2773 debemus,
2353 2730 2442 2765 haec
2479 2730 2640 2765 carmina

227 2787 347 2833 u'tique
373 2792 476 2827 vocat
501 2791 740 2839 ,aetiologica‘.
791 2794 852 2838 (ct.
878 2794 1048 2831 Zeitschr.
1075 2795 1100 2832 f.
1120 2794 1447 2840 Gymnasialwesen
1477 2797 1577 2838 1899,
1604 2805 1637 2839 p.
1664 2796 1734 2829 225
1758 2793 1825 2838 sq.)

440 2861 468 2904 ⁸)
505 2863 590 2899 Ideo
609 2866 747 2900 tantum
772 2865 887 2901 tn'buo
911 2866 992 2901 huic
1018 2867 1216 2902 sententiae
1232 2867 1380 2912 ideoque
1405 2866 1508 2911 paulo
1531 2866 1675 2901 uberius
1699 2866 1807 2900 totam
1828 2864 1916 2898 hanc
1942 2874 2016 2897 rem
2043 2861 2242 2904 retractavi,
2269 2861 2361 2905 quod
2380 2860 2638 2906 aliquantillum

227 2918 390 2961 ponderis
403 2920 485 2956 inde
498 2923 630 2958 adferri
644 2926 728 2969 puto
748 2926 791 2959 ad
805 2936 883 2960 eam
903 2926 1144 2970 quaestionem
1167 2937 1272 2971 quam
1286 2927 1431 2971 posthac
1454 2927 1498 2961 de
1513 2925 1711 2961 auctoribus
1736 2923 1908 2968 Propertii
1941 2921 2145 2957 habebimus
2177 2920 2465 2964 persolvendam3
2492 2920 2583 2965 quod
2608 2920 2638 2954 si

226 2977 304 3021 quis
328 2988 454 3022 parum
479 2991 518 3015 se
545 2983 729 3027 perpicere
746 2984 850 3026 dicet,
876 2984 906 3018 is
935 2984 1040 3020 velim
1059 2985 1213 3020 maxime
1239 2986 1440 3021 meminerit
1458 2986 1655 3021 Varronem
1681 2994 1816 3028 quoque
1842 2981 2021 3025 scripsisse
2048 2980 2185 3023 ,Aetia‘.
2223 2979 2279 3016 Cf.
2306 2979 2413 3014 etiam
2439 2978 2511 3015 Cic.
2531 2979 2640 3015 Acad.

225 3035 320 3071 Post.
346 3037 376 3081 I,
402 3041 436 3082 3,
462 3042 495 3083 9,
527 3040 587 3076 ubi
612 3042 700 3078 haec
726 3043 887 3079 allocutio
901 3044 1049 3089 obtingit
1065 3045 1232 3079 Varroni:
1260 3073 1279 3088 ,.
1308 3071 1315 3078 .
1344 3074 1351 3080 .
1378 3046 1428 3079 Tu
1453 3045 1607 3079 omnium
1634 3043 1828 3077 dixinarum
1854 3042 2157 3085 humanarumque
2182 3050 2302 3074 rerum
2338 3039 2482 3074 nomina
2508 3049 2642 3083 genera

225 3094 347 3131 officia
371 3106 524 3134 causas
549 3102 788 3145 aperuisti.‘

436 3161 466 3208 ⁸)
504 3164 550 3199 of.
578 3165 619 3203 c.
645 3166 802 3213 Knaack,
834 3168 1127 3204 Woohensohrift
1151 3169 1177 3205 f.
1204 3168 1396 3205 klassisehe
1422 3167 1625 3213 philologie.
1672 3168 1772 3202 1888.
1799 3176 1831 3209 p.
1857 3166 1957 3200 399..

436 3229 465 3271 ⁴)
504 3230 615 3266 Recte
640 3231 1026 3279 Ed.Heyden1·eichius
1053 3235 1268 3280 (Jahresber.
1295 3234 1385 3269 iiber
1408 3234 1440 3268 d.
1464 3232 1694 3268 Fortschm'tte
1720 3232 1783 3265 der
1808 3230 1911 3265 klass.
1934 3229 2381 3265 Alteltumswissenschaft
2406 3229 2480 3273 LV,
2508 3240 2540 3274 p.
2558 3230 2639 3275 128)

223 3288 324 3323 dicit:
358 3290 456 3333 „Der
480 3292 647 3334 Spezielle
664 3294 738 3330 Teil
763 3296 854 3330 iiber
877 3296 934 3330 die
953 3295 1102 3338 Quellen
1127 3296 1192 3330 der
1216 3294 1502 3340 antiquar-ischen
1519 3293 1647 3327 Lieder
1670 3292 1732 3326 des
1749 3291 1904 3335 Properz
1929 3291 1974 3324 ist
1999 3290 2056 3324 ein
2083 3289 2426 3325 bemerkenswertes
2450 3292 2639 3324 novum.“
