<?xml version="1.0" encoding="UTF-8"?>
<!DOCTYPE html PUBLIC "-//W3C//DTD XHTML 1.0 Transitional//EN"
    "http://www.w3.org/TR/xhtml1/DTD/xhtml1-transitional.dtd">
<html xmlns="http://www.w3.org/1999/xhtml" xml:lang="en" lang="en">
 <head>
  <title>
</title>
<meta http-equiv="Content-Type" content="text/html;charset=utf-8" />
  <meta name='ocr-system' content='tesseract 3.04.00' />
  <meta name='ocr-capabilities' content='ocr_page ocr_carea ocr_par ocr_line ocrx_word'/>
</head>
<body>
  <div class='ocr_page' id='page_1' title='image "4770470_0031.png"; bbox 0 0 2895 3832; ppageno 0'>
   <div class='ocr_carea' id='block_1_1' title="bbox 1417 152 1473 193">
    <p class='ocr_par' dir='ltr' id='par_1_1' title="bbox 1417 152 1473 193">
     <span class='ocr_line' id='line_1_1' title="bbox 1417 152 1473 193; baseline 0 0"><span class='ocrx_word' id='word_1_1' title='bbox 1417 152 1473 193; x_wconf 85' lang='lat'>23</span> 
     </span>
    </p>
   </div>
   <div class='ocr_carea' id='block_1_2' title="bbox 1340 208 1550 218">
    <p class='ocr_par' dir='ltr' id='par_1_2' title="bbox 1340 208 1550 218">
     <span class='ocr_line' id='line_1_2' title="bbox 1340 208 1550 218; baseline 0 0"><span class='ocrx_word' id='word_1_2' title='bbox 1340 208 1550 218; x_wconf 95' lang='lat' dir='ltr'> </span> 
     </span>
    </p>
   </div>
   <div class='ocr_carea' id='block_1_3' title="bbox 237 290 2649 847">
    <p class='ocr_par' dir='ltr' id='par_1_3' title="bbox 237 290 2649 847">
     <span class='ocr_line' id='line_1_3' title="bbox 241 290 2649 350; baseline 0.001 -14"><span class='ocrx_word' id='word_1_3' title='bbox 241 294 284 337; x_wconf 92' lang='lat' dir='ltr'>in</span> <span class='ocrx_word' id='word_1_4' title='bbox 316 292 487 337; x_wconf 82' lang='lat' dir='ltr'>Italiam</span> <span class='ocrx_word' id='word_1_5' title='bbox 518 292 687 337; x_wconf 86' lang='lat' dir='ltr'>venisse</span> <span class='ocrx_word' id='word_1_6' title='bbox 719 293 966 337; x_wconf 86' lang='lat' dir='ltr'>Euandrum</span> <span class='ocrx_word' id='word_1_7' title='bbox 998 292 1128 337; x_wconf 77' lang='lat' dir='ltr'><strong>tradit</strong></span> <span class='ocrx_word' id='word_1_8' title='bbox 1161 293 1192 349; x_wconf 93' lang='lat' dir='ltr'>l,</span> <span class='ocrx_word' id='word_1_9' title='bbox 1226 295 1267 348; x_wconf 84' lang='lat'>7,</span> <span class='ocrx_word' id='word_1_10' title='bbox 1290 292 1340 334; x_wconf 90' lang='lat'>8:</span> <span class='ocrx_word' id='word_1_11' title='bbox 1373 290 1589 346; x_wconf 86' lang='lat' dir='ltr'>,Euander</span> <span class='ocrx_word' id='word_1_12' title='bbox 1608 296 1696 336; x_wconf 90' lang='lat' dir='ltr'>tum</span> <span class='ocrx_word' id='word_1_13' title='bbox 1725 293 1980 350; x_wconf 86' lang='lat' dir='ltr'>profugus</span> <span class='ocrx_word' id='word_1_14' title='bbox 2001 307 2056 337; x_wconf 87' lang='lat' dir='ltr'>ex</span> <span class='ocrx_word' id='word_1_15' title='bbox 2076 294 2374 350; x_wconf 75' lang='lat' dir='ltr'><strong>Peloponneso</strong></span> <span class='ocrx_word' id='word_1_16' title='bbox 2393 294 2649 339; x_wconf 77' lang='lat' dir='ltr'>anctoritate</span> 
     </span>
     <span class='ocr_line' id='line_1_4' title="bbox 240 362 2647 422; baseline 0.001 -14"><span class='ocrx_word' id='word_1_17' title='bbox 240 364 379 421; x_wconf 77' lang='lat' dir='ltr'>magis</span> <span class='ocrx_word' id='word_1_18' title='bbox 410 378 538 420; x_wconf 90' lang='lat' dir='ltr'>quam</span> <span class='ocrx_word' id='word_1_19' title='bbox 568 364 747 421; x_wconf 87' lang='lat' dir='ltr'>imperio</span> <span class='ocrx_word' id='word_1_20' title='bbox 779 366 959 421; x_wconf 83' lang='lat' dir='ltr'>regebat</span> <span class='ocrx_word' id='word_1_21' title='bbox 994 366 1118 410; x_wconf 88' lang='lat' dir='ltr'>loca.‘</span> <span class='ocrx_word' id='word_1_22' title='bbox 1176 363 1307 408; x_wconf 87' lang='lat' dir='ltr'>Cuius</span> <span class='ocrx_word' id='word_1_23' title='bbox 1337 362 1529 406; x_wconf 73' lang='lat' dir='ltr'>attributi</span> <span class='ocrx_word' id='word_1_24' title='bbox 1559 365 1829 418; x_wconf 84' lang='lat' dir='ltr'>quantumvis</span> <span class='ocrx_word' id='word_1_25' title='bbox 1874 365 1929 409; x_wconf 89' lang='lat' dir='ltr'>sit</span> <span class='ocrx_word' id='word_1_26' title='bbox 1971 364 2174 409; x_wconf 90' lang='lat' dir='ltr'>notabilis</span> <span class='ocrx_word' id='word_1_27' title='bbox 2217 371 2459 422; x_wconf 82' lang='lat' dir='ltr'>concentus,</span> <span class='ocrx_word' id='word_1_28' title='bbox 2502 370 2647 411; x_wconf 81' lang='lat' dir='ltr'>tamen</span> 
     </span>
     <span class='ocr_line' id='line_1_5' title="bbox 242 433 2645 493; baseline 0.001 -14"><span class='ocrx_word' id='word_1_29' title='bbox 242 435 396 480; x_wconf 90' lang='lat' dir='ltr'>vellem</span> <span class='ocrx_word' id='word_1_30' title='bbox 426 435 659 481; x_wconf 85' lang='lat' dir='ltr'>evolvisset</span> <span class='ocrx_word' id='word_1_31' title='bbox 688 434 753 480; x_wconf 85' lang='lat' dir='ltr'>vir</span> <span class='ocrx_word' id='word_1_32' title='bbox 783 434 935 481; x_wconf 88' lang='lat' dir='ltr'>doctus</span> <span class='ocrx_word' id='word_1_33' title='bbox 966 436 1085 482; x_wconf 83' lang='lat' dir='ltr'>Serv.</span> <span class='ocrx_word' id='word_1_34' title='bbox 1116 437 1221 481; x_wconf 83' lang='lat' dir='ltr'>Aen.</span> <span class='ocrx_word' id='word_1_35' title='bbox 1256 433 1370 490; x_wconf 85' lang='lat' dir='ltr'>VIII,</span> <span class='ocrx_word' id='word_1_36' title='bbox 1403 436 1476 491; x_wconf 81' lang='lat'>51,</span> <span class='ocrx_word' id='word_1_37' title='bbox 1507 433 1622 479; x_wconf 93' lang='lat' dir='ltr'>unde</span> <span class='ocrx_word' id='word_1_38' title='bbox 1654 434 1814 481; x_wconf 88' lang='lat' dir='ltr'>Varro</span> <span class='ocrx_word' id='word_1_39' title='bbox 1829 450 1941 481; x_wconf 92' lang='lat' dir='ltr'>nem</span> <span class='ocrx_word' id='word_1_40' title='bbox 1963 434 2138 493; x_wconf 81' lang='lat' dir='ltr'>,fugam‘</span> <span class='ocrx_word' id='word_1_41' title='bbox 2170 435 2361 480; x_wconf 84' lang='lat' dir='ltr'>Euandri</span> <span class='ocrx_word' id='word_1_42' title='bbox 2382 435 2645 482; x_wconf 90' lang='lat' dir='ltr'>omnimodo</span> 
     </span>
     <span class='ocr_line' id='line_1_6' title="bbox 239 505 2644 565; baseline 0 -13"><span class='ocrx_word' id='word_1_43' title='bbox 239 507 452 565; x_wconf 77' lang='lat' dir='ltr'>pressisse</span> <span class='ocrx_word' id='word_1_44' title='bbox 484 506 705 552; x_wconf 81' lang='lat' dir='ltr'>discimus:</span> <span class='ocrx_word' id='word_1_45' title='bbox 739 507 852 565; x_wconf 90' lang='lat' dir='ltr'>,Ipse</span> <span class='ocrx_word' id='word_1_46' title='bbox 884 512 1024 553; x_wconf 90' lang='lat' dir='ltr'>autem</span> <span class='ocrx_word' id='word_1_47' title='bbox 1057 506 1274 564; x_wconf 84' lang='lat' dir='ltr'>Euander,</span> <span class='ocrx_word' id='word_1_48' title='bbox 1314 505 1492 551; x_wconf 88' lang='lat' dir='ltr'>dimissa</span> <span class='ocrx_word' id='word_1_49' title='bbox 1523 506 1745 563; x_wconf 88' lang='lat' dir='ltr'>provincia</span> <span class='ocrx_word' id='word_1_50' title='bbox 1776 521 1854 552; x_wconf 89' lang='lat' dir='ltr'>sua</span> <span class='ocrx_word' id='word_1_51' title='bbox 1896 507 2102 565; x_wconf 85' lang='lat' dir='ltr'>exilio,</span> <span class='ocrx_word' id='word_1_52' title='bbox 2140 521 2246 552; x_wconf 93' lang='lat' dir='ltr'>non</span> <span class='ocrx_word' id='word_1_53' title='bbox 2277 513 2482 565; x_wconf 89' lang='lat' dir='ltr'>sponte,</span> <span class='ocrx_word' id='word_1_54' title='bbox 2525 522 2644 553; x_wconf 90' lang='lat' dir='ltr'>con·</span> 
     </span>
     <span class='ocr_line' id='line_1_7' title="bbox 238 578 2646 637; baseline 0 -13"><span class='ocrx_word' id='word_1_55' title='bbox 238 579 428 636; x_wconf 87' lang='lat' dir='ltr'>pulsus</span> <span class='ocrx_word' id='word_1_56' title='bbox 478 579 594 624; x_wconf 88' lang='lat' dir='ltr'>venit</span> <span class='ocrx_word' id='word_1_57' title='bbox 625 578 684 623; x_wconf 90' lang='lat' dir='ltr'>ad</span> <span class='ocrx_word' id='word_1_58' title='bbox 714 579 886 624; x_wconf 90' lang='lat' dir='ltr'>Italiam</span> <span class='ocrx_word' id='word_1_59' title='bbox 916 585 959 624; x_wconf 89' lang='lat' dir='ltr'>et</span> <span class='ocrx_word' id='word_1_60' title='bbox 1001 580 1136 637; x_wconf 88' lang='lat' dir='ltr'>pulsis</span> <span class='ocrx_word' id='word_1_61' title='bbox 1179 578 1485 635; x_wconf 86' lang='lat' dir='ltr'>Aboriginibus</span> <span class='ocrx_word' id='word_1_62' title='bbox 1529 578 1663 623; x_wconf 87' lang='lat' dir='ltr'>tenuit</span> <span class='ocrx_word' id='word_1_63' title='bbox 1705 579 1816 635; x_wconf 90' lang='lat' dir='ltr'>loca,</span> <span class='ocrx_word' id='word_1_64' title='bbox 1860 579 1904 622; x_wconf 91' lang='lat' dir='ltr'>in</span> <span class='ocrx_word' id='word_1_65' title='bbox 1947 580 2100 636; x_wconf 89' lang='lat' dir='ltr'>quibus</span> <span class='ocrx_word' id='word_1_66' title='bbox 2143 593 2257 624; x_wconf 90' lang='lat' dir='ltr'>nunc</span> <span class='ocrx_word' id='word_1_67' title='bbox 2299 580 2437 624; x_wconf 85' lang='lat' dir='ltr'>Roma</span> <span class='ocrx_word' id='word_1_68' title='bbox 2480 586 2559 636; x_wconf 85' lang='lat' dir='ltr'>est,</span> <span class='ocrx_word' id='word_1_69' title='bbox 2602 586 2646 625; x_wconf 89' lang='lat' dir='ltr'>et</span> 
     </span>
     <span class='ocr_line' id='line_1_8' title="bbox 238 650 2643 712; baseline 0 -17"><span class='ocrx_word' id='word_1_70' title='bbox 238 651 450 696; x_wconf 87' lang='lat' dir='ltr'>modicum</span> <span class='ocrx_word' id='word_1_71' title='bbox 494 650 697 708; x_wconf 88' lang='lat' dir='ltr'>oppidum</span> <span class='ocrx_word' id='word_1_72' title='bbox 734 650 930 695; x_wconf 85' lang='lat' dir='ltr'>fundavit</span> <span class='ocrx_word' id='word_1_73' title='bbox 972 652 1018 695; x_wconf 91' lang='lat' dir='ltr'>in</span> <span class='ocrx_word' id='word_1_74' title='bbox 1059 655 1204 695; x_wconf 89' lang='lat' dir='ltr'>monte</span> <span class='ocrx_word' id='word_1_75' title='bbox 1247 650 1458 707; x_wconf 89' lang='lat' dir='ltr'>Palatino,</span> <span class='ocrx_word' id='word_1_76' title='bbox 1515 650 1625 694; x_wconf 90' lang='lat' dir='ltr'>sicut</span> <span class='ocrx_word' id='word_1_77' title='bbox 1673 651 1735 694; x_wconf 90' lang='lat' dir='ltr'>ait</span> <span class='ocrx_word' id='word_1_78' title='bbox 1788 651 1975 694; x_wconf 85' lang='lat' dir='ltr'>Varro:</span> <span class='ocrx_word' id='word_1_79' title='bbox 2020 651 2174 695; x_wconf 84' lang='lat' dir='ltr'><strong>Nonne</strong></span> <span class='ocrx_word' id='word_1_80' title='bbox 2217 651 2413 712; x_wconf 68' lang='lat' dir='ltr'>Arcades</span> <span class='ocrx_word' id='word_1_81' title='bbox 2456 651 2643 695; x_wconf 86' lang='lat' dir='ltr'><strong>exules</strong></span> 
     </span>
     <span class='ocr_line' id='line_1_9' title="bbox 237 721 2645 778; baseline 0 -14"><span class='ocrx_word' id='word_1_82' title='bbox 237 722 585 777; x_wconf 79' lang='lat' dir='ltr'>confugerunt</span> <span class='ocrx_word' id='word_1_83' title='bbox 614 722 658 763; x_wconf 91' lang='lat' dir='ltr'>in</span> <span class='ocrx_word' id='word_1_84' title='bbox 690 722 914 777; x_wconf 83' lang='lat' dir='ltr'>Palatium,</span> <span class='ocrx_word' id='word_1_85' title='bbox 949 723 1057 765; x_wconf 91' lang='lat' dir='ltr'>duce</span> <span class='ocrx_word' id='word_1_86' title='bbox 1087 721 1292 764; x_wconf 89' lang='lat' dir='ltr'>Euandro</span> <span class='ocrx_word' id='word_1_87' title='bbox 1303 721 1337 764; x_wconf 83' lang='lat'>?‘</span> <span class='ocrx_word' id='word_1_88' title='bbox 1357 724 1388 773; x_wconf 74' lang='grc'>1)</span> <span class='ocrx_word' id='word_1_89' title='bbox 1445 722 1535 764; x_wconf 88' lang='lat' dir='ltr'>Hoc</span> <span class='ocrx_word' id='word_1_90' title='bbox 1573 722 1712 776; x_wconf 84' lang='lat' dir='ltr'>igitur,</span> <span class='ocrx_word' id='word_1_91' title='bbox 1757 722 1795 764; x_wconf 91' lang='lat' dir='ltr'>si</span> <span class='ocrx_word' id='word_1_92' title='bbox 1826 722 1953 764; x_wconf 91' lang='lat' dir='ltr'>modo</span> <span class='ocrx_word' id='word_1_93' title='bbox 1986 722 2041 765; x_wconf 92' lang='lat' dir='ltr'>de</span> <span class='ocrx_word' id='word_1_94' title='bbox 2072 736 2127 765; x_wconf 92' lang='lat' dir='ltr'>ea</span> <span class='ocrx_word' id='word_1_95' title='bbox 2156 736 2203 765; x_wconf 90' lang='lat' dir='ltr'>re</span> <span class='ocrx_word' id='word_1_96' title='bbox 2234 722 2400 778; x_wconf 89' lang='lat' dir='ltr'>aliquid</span> <span class='ocrx_word' id='word_1_97' title='bbox 2437 723 2645 777; x_wconf 87' lang='lat' dir='ltr'>suspicari</span> 
     </span>
     <span class='ocr_line' id='line_1_10' title="bbox 237 793 2646 847; baseline 0 -13"><span class='ocrx_word' id='word_1_98' title='bbox 237 798 310 834; x_wconf 92' lang='lat' dir='ltr'>aut</span> <span class='ocrx_word' id='word_1_99' title='bbox 345 793 447 835; x_wconf 91' lang='lat' dir='ltr'>licet</span> <span class='ocrx_word' id='word_1_100' title='bbox 490 798 564 834; x_wconf 88' lang='lat' dir='ltr'>aut</span> <span class='ocrx_word' id='word_1_101' title='bbox 595 806 704 846; x_wconf 92' lang='lat' dir='ltr'>opus</span> <span class='ocrx_word' id='word_1_102' title='bbox 747 798 825 846; x_wconf 86' lang='lat' dir='ltr'>est,</span> <span class='ocrx_word' id='word_1_103' title='bbox 873 794 1155 835; x_wconf 91' lang='lat' dir='ltr'>Varronem</span> <span class='ocrx_word' id='word_1_104' title='bbox 1197 793 1497 846; x_wconf 82' lang='lat' dir='ltr'>suppeditasse</span> <span class='ocrx_word' id='word_1_105' title='bbox 1534 799 1690 846; x_wconf 90' lang='lat' dir='ltr'>poetae</span> <span class='ocrx_word' id='word_1_106' title='bbox 1727 799 1878 846; x_wconf 86' lang='lat' dir='ltr'>putare</span> <span class='ocrx_word' id='word_1_107' title='bbox 1916 793 2074 846; x_wconf 90' lang='lat' dir='ltr'>malim,</span> <span class='ocrx_word' id='word_1_108' title='bbox 2119 807 2212 835; x_wconf 92' lang='lat' dir='ltr'>cum</span> <span class='ocrx_word' id='word_1_109' title='bbox 2250 794 2415 847; x_wconf 88' lang='lat' dir='ltr'>reliqua</span> <span class='ocrx_word' id='word_1_110' title='bbox 2446 793 2646 836; x_wconf 75' lang='lat' dir='ltr'>carminis</span> 
     </span>
    </p>
   </div>
   <div class='ocr_carea' id='block_1_4' title="bbox 235 862 1264 919">
    <p class='ocr_par' dir='ltr' id='par_1_4' title="bbox 235 862 1264 919">
     <span class='ocr_line' id='line_1_11' title="bbox 235 862 1264 919; baseline 0 -15"><span class='ocrx_word' id='word_1_111' title='bbox 235 862 417 904; x_wconf 83' lang='lat' dir='ltr'>eruditio</span> <span class='ocrx_word' id='word_1_112' title='bbox 450 862 611 913; x_wconf 82' lang='lat' dir='ltr'>aspiret</span> <span class='ocrx_word' id='word_1_113' title='bbox 642 862 700 905; x_wconf 89' lang='lat' dir='ltr'>ad</span> <span class='ocrx_word' id='word_1_114' title='bbox 733 863 915 906; x_wconf 91' lang='lat' dir='ltr'>eundem</span> <span class='ocrx_word' id='word_1_115' title='bbox 945 862 1264 919; x_wconf 86' lang='lat' dir='ltr'>polyhistorem.</span> 
     </span>
    </p>
   </div>
   <div class='ocr_carea' id='block_1_5' title="bbox 230 1211 2641 1333">
    <p class='ocr_par' dir='ltr' id='par_1_5' title="bbox 230 1211 2641 1333">
     <span class='ocr_line' id='line_1_12' title="bbox 444 1211 2641 1273; baseline 0.002 -14"><span class='ocrx_word' id='word_1_116' title='bbox 444 1218 535 1261; x_wconf 90' lang='lat' dir='ltr'>Iam</span> <span class='ocrx_word' id='word_1_117' title='bbox 567 1231 668 1260; x_wconf 89' lang='lat' dir='ltr'>vero</span> <span class='ocrx_word' id='word_1_118' title='bbox 702 1218 800 1260; x_wconf 86' lang='lat' dir='ltr'>vela</span> <span class='ocrx_word' id='word_1_119' title='bbox 832 1217 1134 1261; x_wconf 82' lang='lat' dir='ltr'>contrahamus</span> <span class='ocrx_word' id='word_1_120' title='bbox 1164 1222 1415 1272; x_wconf 88' lang='lat' dir='ltr'>portumque</span> <span class='ocrx_word' id='word_1_121' title='bbox 1438 1217 1551 1260; x_wconf 87' lang='lat' dir='ltr'>nacti</span> <span class='ocrx_word' id='word_1_122' title='bbox 1575 1217 1811 1271; x_wconf 88' lang='lat' dir='ltr'>videamus,</span> <span class='ocrx_word' id='word_1_123' title='bbox 1844 1217 1998 1272; x_wconf 87' lang='lat' dir='ltr'>ecquid</span> <span class='ocrx_word' id='word_1_124' title='bbox 2029 1218 2132 1260; x_wconf 86' lang='lat' dir='ltr'>lucri</span> <span class='ocrx_word' id='word_1_125' title='bbox 2164 1231 2189 1260; x_wconf 93' lang='lat' dir='ltr'>e</span> <span class='ocrx_word' id='word_1_126' title='bbox 2208 1211 2290 1260; x_wconf 66' lang='lat' dir='ltr'>&#39;via</span> <span class='ocrx_word' id='word_1_127' title='bbox 2318 1231 2445 1273; x_wconf 90' lang='lat' dir='ltr'>quam</span> <span class='ocrx_word' id='word_1_128' title='bbox 2478 1220 2641 1263; x_wconf 88' lang='lat' dir='ltr'>emensi</span> 
     </span>
     <span class='ocr_line' id='line_1_13' title="bbox 230 1289 918 1333; baseline 0.001 -1"><span class='ocrx_word' id='word_1_129' title='bbox 230 1301 373 1332; x_wconf 91' lang='lat' dir='ltr'>sumus</span> <span class='ocrx_word' id='word_1_130' title='bbox 405 1289 576 1333; x_wconf 90' lang='lat' dir='ltr'>domum</span> <span class='ocrx_word' id='word_1_131' title='bbox 608 1289 918 1333; x_wconf 80' lang='lat' dir='ltr'>advexerimus.</span> 
     </span>
    </p>
   </div>
   <div class='ocr_carea' id='block_1_6' title="bbox 224 1371 2640 1699">
    <p class='ocr_par' dir='ltr' id='par_1_6' title="bbox 224 1371 2640 1699">
     <span class='ocr_line' id='line_1_14' title="bbox 441 1371 2640 1429; baseline 0.002 -15"><span class='ocrx_word' id='word_1_132' title='bbox 441 1373 491 1415; x_wconf 90' lang='lat' dir='ltr'>ln</span> <span class='ocrx_word' id='word_1_133' title='bbox 522 1372 607 1415; x_wconf 91' lang='lat' dir='ltr'>fine</span> <span class='ocrx_word' id='word_1_134' title='bbox 640 1372 954 1416; x_wconf 79' lang='lat' dir='ltr'>dissertationis</span> <span class='ocrx_word' id='word_1_135' title='bbox 986 1386 1091 1415; x_wconf 88' lang='lat' dir='ltr'>suae</span> <span class='ocrx_word' id='word_1_136' title='bbox 1124 1371 1184 1429; x_wconf 89' lang='lat' dir='ltr'>(p.</span> <span class='ocrx_word' id='word_1_137' title='bbox 1217 1375 1291 1429; x_wconf 84' lang='lat'>64)</span> <span class='ocrx_word' id='word_1_138' title='bbox 1313 1372 1524 1416; x_wconf 84' lang='lat' dir='ltr'>Tucrkius</span> <span class='ocrx_word' id='word_1_139' title='bbox 1546 1372 1656 1416; x_wconf 87' lang='lat' dir='ltr'>haec</span> <span class='ocrx_word' id='word_1_140' title='bbox 1676 1371 1781 1415; x_wconf 79' lang='lat' dir='ltr'>facit</span> <span class='ocrx_word' id='word_1_141' title='bbox 1801 1373 1955 1415; x_wconf 88' lang='lat' dir='ltr'>verba:</span> <span class='ocrx_word' id='word_1_142' title='bbox 1980 1372 2090 1427; x_wconf 86' lang='lat' dir='ltr'>,Non</span> <span class='ocrx_word' id='word_1_143' title='bbox 2111 1373 2248 1416; x_wconf 91' lang='lat' dir='ltr'>minus</span> <span class='ocrx_word' id='word_1_144' title='bbox 2268 1373 2410 1429; x_wconf 87' lang='lat' dir='ltr'>velim,</span> <span class='ocrx_word' id='word_1_145' title='bbox 2431 1374 2640 1418; x_wconf 91' lang='lat' dir='ltr'>multum</span> 
     </span>
     <span class='ocr_line' id='line_1_15' title="bbox 226 1443 2639 1498; baseline 0.001 -13"><span class='ocrx_word' id='word_1_146' title='bbox 226 1443 465 1486; x_wconf 89' lang='lat' dir='ltr'>valuisse</span> <span class='ocrx_word' id='word_1_147' title='bbox 517 1443 576 1486; x_wconf 89' lang='lat' dir='ltr'>ad</span> <span class='ocrx_word' id='word_1_148' title='bbox 617 1443 807 1486; x_wconf 89' lang='lat' dir='ltr'>carmina</span> <span class='ocrx_word' id='word_1_149' title='bbox 850 1444 1046 1485; x_wconf 90' lang='lat' dir='ltr'>Romana</span> <span class='ocrx_word' id='word_1_150' title='bbox 1089 1443 1228 1485; x_wconf 85' lang='lat' dir='ltr'>Livii</span> <span class='ocrx_word' id='word_1_151' title='bbox 1272 1443 1404 1486; x_wconf 89' lang='lat' dir='ltr'>libros</span> <span class='ocrx_word' id='word_1_152' title='bbox 1447 1443 1848 1498; x_wconf 70' lang='lat' dir='ltr'>demonstraverim,</span> <span class='ocrx_word' id='word_1_153' title='bbox 1910 1449 2038 1498; x_wconf 82' lang='lat' dir='ltr'>atque</span> <span class='ocrx_word' id='word_1_154' title='bbox 2081 1448 2127 1485; x_wconf 90' lang='lat' dir='ltr'>ut</span> <span class='ocrx_word' id='word_1_155' title='bbox 2169 1444 2433 1487; x_wconf 78' lang='lat' dir='ltr'>coniecturas</span> <span class='ocrx_word' id='word_1_156' title='bbox 2477 1450 2639 1488; x_wconf 87' lang='lat' dir='ltr'>rectam</span> 
     </span>
     <span class='ocr_line' id='line_1_16' title="bbox 227 1513 2636 1570; baseline 0.001 -14"><span class='ocrx_word' id='word_1_157' title='bbox 227 1516 436 1558; x_wconf 88' lang='lat' dir='ltr'>rationem</span> <span class='ocrx_word' id='word_1_158' title='bbox 453 1514 713 1558; x_wconf 85' lang='lat' dir='ltr'>excedentes</span> <span class='ocrx_word' id='word_1_159' title='bbox 726 1513 913 1569; x_wconf 84' lang='lat' dir='ltr'>fecerim,</span> <span class='ocrx_word' id='word_1_160' title='bbox 929 1519 1073 1557; x_wconf 90' lang='lat' dir='ltr'>tamen</span> <span class='ocrx_word' id='word_1_161' title='bbox 1094 1514 1194 1569; x_wconf 91' lang='lat' dir='ltr'>quin</span> <span class='ocrx_word' id='word_1_162' title='bbox 1208 1513 1356 1556; x_wconf 89' lang='lat' dir='ltr'>Livius</span> <span class='ocrx_word' id='word_1_163' title='bbox 1373 1520 1416 1557; x_wconf 91' lang='lat' dir='ltr'>et</span> <span class='ocrx_word' id='word_1_164' title='bbox 1429 1513 1673 1570; x_wconf 89' lang='lat' dir='ltr'>Propertius</span> <span class='ocrx_word' id='word_1_165' title='bbox 1695 1513 1805 1556; x_wconf 86' lang='lat' dir='ltr'>inter</span> <span class='ocrx_word' id='word_1_166' title='bbox 1818 1527 1865 1556; x_wconf 90' lang='lat' dir='ltr'>se</span> <span class='ocrx_word' id='word_1_167' title='bbox 1880 1513 2152 1569; x_wconf 82' lang='lat' dir='ltr'>cohaereant,</span> <span class='ocrx_word' id='word_1_168' title='bbox 2167 1514 2238 1557; x_wconf 86' lang='lat' dir='ltr'>vix</span> <span class='ocrx_word' id='word_1_169' title='bbox 2253 1513 2532 1558; x_wconf 88' lang='lat' dir='ltr'>dubitandum</span> <span class='ocrx_word' id='word_1_170' title='bbox 2545 1521 2636 1559; x_wconf 87' lang='lat' dir='ltr'>est.‘</span> 
     </span>
     <span class='ocr_line' id='line_1_17' title="bbox 226 1584 2637 1642; baseline 0.001 -14"><span class='ocrx_word' id='word_1_171' title='bbox 226 1586 414 1628; x_wconf 89' lang='lat' dir='ltr'>Primum</span> <span class='ocrx_word' id='word_1_172' title='bbox 435 1585 589 1628; x_wconf 88' lang='lat' dir='ltr'>librum</span> <span class='ocrx_word' id='word_1_173' title='bbox 612 1585 799 1640; x_wconf 89' lang='lat' dir='ltr'>saepius,</span> <span class='ocrx_word' id='word_1_174' title='bbox 832 1585 965 1628; x_wconf 92' lang='lat' dir='ltr'>semel</span> <span class='ocrx_word' id='word_1_175' title='bbox 998 1585 1150 1628; x_wconf 87' lang='lat' dir='ltr'>librum</span> <span class='ocrx_word' id='word_1_176' title='bbox 1171 1592 1364 1639; x_wconf 86' lang='lat' dir='ltr'>quartum</span> <span class='ocrx_word' id='word_1_177' title='bbox 1385 1585 1581 1628; x_wconf 79' lang='lat' dir='ltr'>Patavini</span> <span class='ocrx_word' id='word_1_178' title='bbox 1604 1584 1646 1627; x_wconf 92' lang='lat' dir='ltr'>in</span> <span class='ocrx_word' id='word_1_179' title='bbox 1668 1598 1789 1627; x_wconf 89' lang='lat' dir='ltr'>usum</span> <span class='ocrx_word' id='word_1_180' title='bbox 1816 1598 1913 1627; x_wconf 91' lang='lat' dir='ltr'>esse</span> <span class='ocrx_word' id='word_1_181' title='bbox 1935 1585 2311 1628; x_wconf 84' lang='lat' dir='ltr'>vocatumaSexto</span> <span class='ocrx_word' id='word_1_182' title='bbox 2333 1586 2637 1642; x_wconf 81' lang='lat' dir='ltr'>comprobasse</span> 
     </span>
     <span class='ocr_line' id='line_1_18' title="bbox 224 1654 1067 1699; baseline 0.001 -1"><span class='ocrx_word' id='word_1_183' title='bbox 224 1655 307 1699; x_wconf 89' lang='lat' dir='ltr'>sibi</span> <span class='ocrx_word' id='word_1_184' title='bbox 337 1655 474 1699; x_wconf 88' lang='lat' dir='ltr'>videri</span> <span class='ocrx_word' id='word_1_185' title='bbox 505 1655 639 1698; x_wconf 87' lang='lat' dir='ltr'>virum</span> <span class='ocrx_word' id='word_1_186' title='bbox 671 1655 842 1698; x_wconf 90' lang='lat' dir='ltr'>doctum</span> <span class='ocrx_word' id='word_1_187' title='bbox 873 1654 1067 1699; x_wconf 90' lang='lat' dir='ltr'>vidimus.</span> 
     </span>
    </p>
   </div>
   <div class='ocr_carea' id='block_1_7' title="bbox 226 1738 2636 2146">
    <p class='ocr_par' dir='ltr' id='par_1_7' title="bbox 226 1738 2636 2146">
     <span class='ocr_line' id='line_1_19' title="bbox 437 1738 2635 1792; baseline 0 -11"><span class='ocrx_word' id='word_1_188' title='bbox 437 1738 494 1781; x_wconf 88' lang='lat' dir='ltr'>Et</span> <span class='ocrx_word' id='word_1_189' title='bbox 531 1738 723 1781; x_wconf 88' lang='lat' dir='ltr'>habeant</span> <span class='ocrx_word' id='word_1_190' title='bbox 761 1738 862 1781; x_wconf 91' lang='lat' dir='ltr'>licet</span> <span class='ocrx_word' id='word_1_191' title='bbox 897 1738 1089 1781; x_wconf 90' lang='lat' dir='ltr'>nonnulli</span> <span class='ocrx_word' id='word_1_192' title='bbox 1129 1738 1402 1781; x_wconf 89' lang='lat' dir='ltr'>Livianorum</span> <span class='ocrx_word' id='word_1_193' title='bbox 1434 1751 1541 1792; x_wconf 87' lang='lat' dir='ltr'>quos</span> <span class='ocrx_word' id='word_1_194' title='bbox 1571 1738 1697 1781; x_wconf 83' lang='lat' dir='ltr'>affert</span> <span class='ocrx_word' id='word_1_195' title='bbox 1728 1738 1915 1781; x_wconf 88' lang='lat' dir='ltr'>locorum</span> <span class='ocrx_word' id='word_1_196' title='bbox 1948 1738 2262 1781; x_wconf 89' lang='lat' dir='ltr'>similitudinem</span> <span class='ocrx_word' id='word_1_197' title='bbox 2294 1738 2509 1792; x_wconf 88' lang='lat' dir='ltr'>quandam</span> <span class='ocrx_word' id='word_1_198' title='bbox 2540 1753 2635 1782; x_wconf 90' lang='lat' dir='ltr'>cum</span> 
     </span>
     <span class='ocr_line' id='line_1_20' title="bbox 231 1804 2636 1864; baseline 0.001 -13"><span class='ocrx_word' id='word_1_199' title='bbox 231 1809 441 1864; x_wconf 85' lang='lat' dir='ltr'>Propertii</span> <span class='ocrx_word' id='word_1_200' title='bbox 482 1809 728 1852; x_wconf 86' lang='lat' dir='ltr'>enuntiatis:</span> <span class='ocrx_word' id='word_1_201' title='bbox 748 1804 752 1806; x_wconf 51' lang='lat'><em>⁷</em></span> <span class='ocrx_word' id='word_1_202' title='bbox 773 1815 917 1851; x_wconf 87' lang='lat' dir='ltr'>tamen</span> <span class='ocrx_word' id='word_1_203' title='bbox 950 1823 1045 1852; x_wconf 90' lang='lat' dir='ltr'>esse</span> <span class='ocrx_word' id='word_1_204' title='bbox 1076 1822 1250 1863; x_wconf 86' lang='lat' dir='ltr'>prorsus</span> <span class='ocrx_word' id='word_1_205' title='bbox 1279 1809 1453 1863; x_wconf 90' lang='lat' dir='ltr'>nullum,</span> <span class='ocrx_word' id='word_1_206' title='bbox 1497 1809 1596 1862; x_wconf 91' lang='lat' dir='ltr'>quin</span> <span class='ocrx_word' id='word_1_207' title='bbox 1628 1809 1780 1851; x_wconf 91' lang='lat' dir='ltr'>eodem</span> <span class='ocrx_word' id='word_1_208' title='bbox 1814 1809 1903 1851; x_wconf 91' lang='lat' dir='ltr'>iure</span> <span class='ocrx_word' id='word_1_209' title='bbox 1936 1822 2028 1851; x_wconf 91' lang='lat' dir='ltr'>cum</span> <span class='ocrx_word' id='word_1_210' title='bbox 2061 1809 2256 1851; x_wconf 86' lang='lat' dir='ltr'>Varronis</span> <span class='ocrx_word' id='word_1_211' title='bbox 2288 1809 2462 1863; x_wconf 88' lang='lat' dir='ltr'>eiusque</span> <span class='ocrx_word' id='word_1_212' title='bbox 2493 1824 2636 1854; x_wconf 90' lang='lat' dir='ltr'>aemu-</span> 
     </span>
     <span class='ocr_line' id='line_1_21' title="bbox 226 1878 2633 1935; baseline 0.001 -14"><span class='ocrx_word' id='word_1_213' title='bbox 226 1879 360 1921; x_wconf 91' lang='lat' dir='ltr'>lorum</span> <span class='ocrx_word' id='word_1_214' title='bbox 384 1879 502 1921; x_wconf 87' lang='lat' dir='ltr'>libris</span> <span class='ocrx_word' id='word_1_215' title='bbox 525 1879 722 1933; x_wconf 91' lang='lat' dir='ltr'>componi</span> <span class='ocrx_word' id='word_1_216' title='bbox 753 1880 903 1933; x_wconf 89' lang='lat' dir='ltr'>possit,</span> <span class='ocrx_word' id='word_1_217' title='bbox 935 1879 1018 1922; x_wconf 86' lang='lat' dir='ltr'>hac</span> <span class='ocrx_word' id='word_1_218' title='bbox 1048 1893 1147 1921; x_wconf 87' lang='lat' dir='ltr'>mea</span> <span class='ocrx_word' id='word_1_219' title='bbox 1178 1879 1538 1933; x_wconf 83' lang='lat' dir='ltr'>disputatiuncula</span> <span class='ocrx_word' id='word_1_220' title='bbox 1568 1879 1760 1933; x_wconf 88' lang='lat' dir='ltr'>patuisse</span> <span class='ocrx_word' id='word_1_221' title='bbox 1781 1884 1898 1933; x_wconf 90' lang='lat' dir='ltr'>puto,</span> <span class='ocrx_word' id='word_1_222' title='bbox 1931 1879 1992 1921; x_wconf 89' lang='lat' dir='ltr'>ita</span> <span class='ocrx_word' id='word_1_223' title='bbox 2013 1884 2057 1920; x_wconf 84' lang='lat' dir='ltr'>ut</span> <span class='ocrx_word' id='word_1_224' title='bbox 2085 1878 2187 1920; x_wconf 88' lang='lat' dir='ltr'>nihil</span> <span class='ocrx_word' id='word_1_225' title='bbox 2208 1879 2263 1921; x_wconf 91' lang='lat' dir='ltr'>sit</span> <span class='ocrx_word' id='word_1_226' title='bbox 2283 1892 2357 1921; x_wconf 90' lang='lat' dir='ltr'>cur</span> <span class='ocrx_word' id='word_1_227' title='bbox 2374 1879 2633 1935; x_wconf 78' lang='lat' dir='ltr'>Propertius,</span> 
     </span>
     <span class='ocr_line' id='line_1_22' title="bbox 226 1948 2635 2004; baseline 0.001 -12"><span class='ocrx_word' id='word_1_228' title='bbox 226 1949 269 1992; x_wconf 93' lang='lat' dir='ltr'>in</span> <span class='ocrx_word' id='word_1_229' title='bbox 313 1949 555 1993; x_wconf 90' lang='lat' dir='ltr'>universum</span> <span class='ocrx_word' id='word_1_230' title='bbox 593 1950 951 1993; x_wconf 89' lang='lat' dir='ltr'>Varronianae</span> <span class='ocrx_word' id='word_1_231' title='bbox 991 1954 1230 1994; x_wconf 83' lang='lat' dir='ltr'>assectator</span> <span class='ocrx_word' id='word_1_232' title='bbox 1265 1948 1498 2004; x_wconf 87' lang='lat' dir='ltr'>doctrinae,</span> <span class='ocrx_word' id='word_1_233' title='bbox 1542 1949 1608 1992; x_wconf 90' lang='lat' dir='ltr'>his</span> <span class='ocrx_word' id='word_1_234' title='bbox 1638 1949 1789 2004; x_wconf 90' lang='lat' dir='ltr'>paucis</span> <span class='ocrx_word' id='word_1_235' title='bbox 1820 1949 1926 1993; x_wconf 90' lang='lat' dir='ltr'>locis</span> <span class='ocrx_word' id='word_1_236' title='bbox 1959 1949 2086 1993; x_wconf 90' lang='lat' dir='ltr'>duos</span> <span class='ocrx_word' id='word_1_237' title='bbox 2117 1948 2198 1992; x_wconf 89' lang='lat' dir='ltr'>sibi</span> <span class='ocrx_word' id='word_1_238' title='bbox 2235 1949 2456 2004; x_wconf 88' lang='lat' dir='ltr'>aperuisse</span> <span class='ocrx_word' id='word_1_239' title='bbox 2492 1949 2635 1995; x_wconf 83' lang='lat' dir='ltr'>sontes</span> 
     </span>
     <span class='ocr_line' id='line_1_23' title="bbox 228 2019 2633 2076; baseline 0 -13"><span class='ocrx_word' id='word_1_240' title='bbox 228 2019 500 2063; x_wconf 85' lang='lat' dir='ltr'>existimetur.</span> <span class='ocrx_word' id='word_1_241' title='bbox 563 2019 658 2070; x_wconf 85' lang='lat' dir='ltr'>Quo</span> <span class='ocrx_word' id='word_1_242' title='bbox 691 2019 873 2074; x_wconf 86' lang='lat' dir='ltr'>accedit,</span> <span class='ocrx_word' id='word_1_243' title='bbox 905 2020 1021 2074; x_wconf 92' lang='lat' dir='ltr'>quod</span> <span class='ocrx_word' id='word_1_244' title='bbox 1050 2019 1225 2074; x_wconf 89' lang='lat' dir='ltr'>reliquis</span> <span class='ocrx_word' id='word_1_245' title='bbox 1256 2032 1424 2074; x_wconf 89' lang='lat' dir='ltr'>quoque</span> <span class='ocrx_word' id='word_1_246' title='bbox 1455 2019 1560 2063; x_wconf 88' lang='lat' dir='ltr'>locis</span> <span class='ocrx_word' id='word_1_247' title='bbox 1590 2019 1661 2062; x_wconf 77' lang='lat' dir='ltr'>vix</span> <span class='ocrx_word' id='word_1_248' title='bbox 1694 2033 1721 2062; x_wconf 88' lang='lat' dir='ltr'>a</span> <span class='ocrx_word' id='word_1_249' title='bbox 1753 2020 1970 2074; x_wconf 69' lang='lat' dir='ltr'>VarroniS,</span> <span class='ocrx_word' id='word_1_250' title='bbox 2015 2019 2120 2063; x_wconf 88' lang='lat' dir='ltr'>satis</span> <span class='ocrx_word' id='word_1_251' title='bbox 2160 2031 2293 2074; x_wconf 88' lang='lat' dir='ltr'>saepe</span> <span class='ocrx_word' id='word_1_252' title='bbox 2325 2032 2352 2062; x_wconf 87' lang='lat' dir='ltr'>a</span> <span class='ocrx_word' id='word_1_253' title='bbox 2388 2020 2501 2063; x_wconf 84' lang='lat' dir='ltr'>Livii</span> <span class='ocrx_word' id='word_1_254' title='bbox 2538 2033 2633 2076; x_wconf 89' lang='lat' dir='ltr'>per-</span> 
     </span>
     <span class='ocr_line' id='line_1_24' title="bbox 226 2089 1348 2146; baseline 0 -12"><span class='ocrx_word' id='word_1_255' title='bbox 226 2089 427 2134; x_wconf 89' lang='lat' dir='ltr'>suasione</span> <span class='ocrx_word' id='word_1_256' title='bbox 460 2089 742 2134; x_wconf 88' lang='lat' dir='ltr'>decedentem</span> <span class='ocrx_word' id='word_1_257' title='bbox 773 2089 1132 2146; x_wconf 89' lang='lat' dir='ltr'>deprehendimus</span> <span class='ocrx_word' id='word_1_258' title='bbox 1162 2095 1348 2146; x_wconf 88' lang='lat' dir='ltr'>poetam.</span> 
     </span>
    </p>
   </div>
   <div class='ocr_carea' id='block_1_8' title="bbox 213 2172 2635 2806">
    <p class='ocr_par' dir='ltr' id='par_1_8' title="bbox 215 2172 2635 2500">
     <span class='ocr_line' id='line_1_25' title="bbox 434 2172 2629 2232; baseline 0 -14"><span class='ocrx_word' id='word_1_259' title='bbox 434 2174 650 2218; x_wconf 87' lang='lat' dir='ltr'>Lauream</span> <span class='ocrx_word' id='word_1_260' title='bbox 682 2174 810 2230; x_wconf 85' lang='lat' dir='ltr'>igitur</span> <span class='ocrx_word' id='word_1_261' title='bbox 840 2175 1022 2219; x_wconf 90' lang='lat' dir='ltr'>Varroni</span> <span class='ocrx_word' id='word_1_262' title='bbox 1054 2174 1291 2218; x_wconf 85' lang='lat' dir='ltr'>detractam</span> <span class='ocrx_word' id='word_1_263' title='bbox 1322 2174 1528 2217; x_wconf 88' lang='lat' dir='ltr'>immerito</span> <span class='ocrx_word' id='word_1_264' title='bbox 1560 2173 1815 2229; x_wconf 89' lang='lat' dir='ltr'>imposuisse</span> <span class='ocrx_word' id='word_1_265' title='bbox 1858 2173 1871 2214; x_wconf 77' lang='grc' dir='ltr'>Ι</span> <span class='ocrx_word' id='word_1_266' title='bbox 1883 2172 1978 2216; x_wconf 75' lang='grc' dir='ltr'>,ἰνίο</span> <span class='ocrx_word' id='word_1_267' title='bbox 2009 2172 2239 2216; x_wconf 86' lang='lat' dir='ltr'>Tuerkium</span> <span class='ocrx_word' id='word_1_268' title='bbox 2271 2172 2307 2215; x_wconf 90' lang='lat' dir='ltr'>si</span> <span class='ocrx_word' id='word_1_269' title='bbox 2349 2174 2629 2232; x_wconf 89' lang='lat' dir='ltr'>concesseris,</span> 
     </span>
     <span class='ocr_line' id='line_1_26' title="bbox 222 2244 2630 2302; baseline 0 -13"><span class='ocrx_word' id='word_1_270' title='bbox 222 2259 307 2289; x_wconf 90' lang='lat' dir='ltr'>una</span> <span class='ocrx_word' id='word_1_271' title='bbox 338 2246 539 2290; x_wconf 91' lang='lat' dir='ltr'>mercede</span> <span class='ocrx_word' id='word_1_272' title='bbox 571 2246 680 2290; x_wconf 88' lang='lat' dir='ltr'>duas</span> <span class='ocrx_word' id='word_1_273' title='bbox 712 2259 781 2290; x_wconf 89' lang='lat' dir='ltr'>res</span> <span class='ocrx_word' id='word_1_274' title='bbox 812 2247 999 2290; x_wconf 88' lang='lat' dir='ltr'>assecuti</span> <span class='ocrx_word' id='word_1_275' title='bbox 1033 2247 1208 2290; x_wconf 89' lang='lat' dir='ltr'>erimus:</span> <span class='ocrx_word' id='word_1_276' title='bbox 1241 2259 1335 2290; x_wconf 90' lang='lat' dir='ltr'>cum</span> <span class='ocrx_word' id='word_1_277' title='bbox 1365 2251 1532 2301; x_wconf 89' lang='lat' dir='ltr'>ruptum</span> <span class='ocrx_word' id='word_1_278' title='bbox 1564 2245 1642 2288; x_wconf 89' lang='lat' dir='ltr'>erit</span> <span class='ocrx_word' id='word_1_279' title='bbox 1673 2258 1798 2287; x_wconf 91' lang='lat' dir='ltr'>omne</span> <span class='ocrx_word' id='word_1_280' title='bbox 1831 2244 1946 2299; x_wconf 89' lang='lat' dir='ltr'>quod</span> <span class='ocrx_word' id='word_1_281' title='bbox 1976 2244 2238 2300; x_wconf 88' lang='lat' dir='ltr'>Propertium</span> <span class='ocrx_word' id='word_1_282' title='bbox 2268 2244 2394 2287; x_wconf 87' lang='lat' dir='ltr'>Livio</span> <span class='ocrx_word' id='word_1_283' title='bbox 2427 2246 2630 2302; x_wconf 87' lang='lat' dir='ltr'>copulare</span> 
     </span>
     <span class='ocr_line' id='line_1_27' title="bbox 221 2315 2631 2373; baseline 0 -14"><span class='ocrx_word' id='word_1_284' title='bbox 221 2316 449 2360; x_wconf 87' lang='lat' dir='ltr'>videbatur</span> <span class='ocrx_word' id='word_1_285' title='bbox 478 2316 692 2360; x_wconf 87' lang='lat' dir='ltr'>interioris</span> <span class='ocrx_word' id='word_1_286' title='bbox 724 2317 943 2361; x_wconf 90' lang='lat' dir='ltr'>societatis</span> <span class='ocrx_word' id='word_1_287' title='bbox 975 2317 1200 2373; x_wconf 92' lang='lat' dir='ltr'>vinculum,</span> <span class='ocrx_word' id='word_1_288' title='bbox 1231 2322 1319 2360; x_wconf 90' lang='lat' dir='ltr'>tum</span> <span class='ocrx_word' id='word_1_289' title='bbox 1350 2317 1432 2359; x_wconf 91' lang='lat' dir='ltr'>hac</span> <span class='ocrx_word' id='word_1_290' title='bbox 1462 2317 1559 2373; x_wconf 89' lang='lat' dir='ltr'>ipsa</span> <span class='ocrx_word' id='word_1_291' title='bbox 1589 2329 1634 2358; x_wconf 90' lang='lat' dir='ltr'>re</span> <span class='ocrx_word' id='word_1_292' title='bbox 1666 2316 1899 2358; x_wconf 85' lang='lat' dir='ltr'>auctoritas</span> <span class='ocrx_word' id='word_1_293' title='bbox 1933 2316 2146 2370; x_wconf 90' lang='lat' dir='ltr'>Varronis,</span> <span class='ocrx_word' id='word_1_294' title='bbox 2178 2315 2298 2358; x_wconf 90' lang='lat' dir='ltr'>cuius</span> <span class='ocrx_word' id='word_1_295' title='bbox 2319 2317 2567 2372; x_wconf 87' lang='lat' dir='ltr'>ceteroquin</span> <span class='ocrx_word' id='word_1_296' title='bbox 2587 2317 2631 2359; x_wconf 93' lang='lat' dir='ltr'>in</span> 
     </span>
     <span class='ocr_line' id='line_1_28' title="bbox 215 2386 2635 2442; baseline 0 -13"><span class='ocrx_word' id='word_1_297' title='bbox 215 2387 486 2441; x_wconf 84' lang='lat' dir='ltr'>aetiologicis</span> <span class='ocrx_word' id='word_1_298' title='bbox 518 2387 776 2429; x_wconf 87' lang='lat' dir='ltr'>carminibus</span> <span class='ocrx_word' id='word_1_299' title='bbox 808 2392 900 2429; x_wconf 87' lang='lat' dir='ltr'>arte</span> <span class='ocrx_word' id='word_1_300' title='bbox 931 2388 1065 2442; x_wconf 91' lang='lat' dir='ltr'>premi</span> <span class='ocrx_word' id='word_1_301' title='bbox 1097 2388 1282 2442; x_wconf 87' lang='lat' dir='ltr'>vestigia</span> <span class='ocrx_word' id='word_1_302' title='bbox 1316 2401 1343 2429; x_wconf 91' lang='lat' dir='ltr'>a</span> <span class='ocrx_word' id='word_1_303' title='bbox 1374 2392 1503 2442; x_wconf 92' lang='lat' dir='ltr'>poeto</span> <span class='ocrx_word' id='word_1_304' title='bbox 1535 2392 1682 2428; x_wconf 84' lang='lat' dir='ltr'>nostra</span> <span class='ocrx_word' id='word_1_305' title='bbox 1720 2386 1808 2426; x_wconf 92' lang='lat' dir='ltr'>veri</span> <span class='ocrx_word' id='word_1_306' title='bbox 1849 2391 1915 2426; x_wconf 87' lang='lat' dir='ltr'>est.</span> <span class='ocrx_word' id='word_1_307' title='bbox 1952 2398 2077 2439; x_wconf 87' lang='lat' dir='ltr'>quam</span> <span class='ocrx_word' id='word_1_308' title='bbox 2115 2386 2385 2440; x_wconf 88' lang='lat' dir='ltr'>simillimum,</span> <span class='ocrx_word' id='word_1_309' title='bbox 2429 2392 2559 2428; x_wconf 88' lang='lat' dir='ltr'>aucta</span> <span class='ocrx_word' id='word_1_310' title='bbox 2591 2392 2635 2429; x_wconf 88' lang='lat' dir='ltr'>et.</span> 
     </span>
     <span class='ocr_line' id='line_1_29' title="bbox 216 2455 2299 2500; baseline -0.005 0"><span class='ocrx_word' id='word_1_311' title='bbox 216 2457 504 2500; x_wconf 86' lang='lat' dir='ltr'>corroborata.</span> <span class='ocrx_word' id='word_1_312' title='bbox 2296 2455 2299 2459; x_wconf 87' lang='grc'><strong><em>’</em></strong></span> 
     </span>
    </p>

    <p class='ocr_par' dir='ltr' id='par_1_9' title="bbox 213 2536 2631 2806">
     <span class='ocr_line' id='line_1_30' title="bbox 428 2536 2631 2595; baseline 0.001 -15"><span class='ocrx_word' id='word_1_313' title='bbox 428 2538 643 2582; x_wconf 81' lang='lat' dir='ltr'>Tuerkius</span> <span class='ocrx_word' id='word_1_314' title='bbox 688 2544 829 2582; x_wconf 88' lang='lat' dir='ltr'>autem</span> <span class='ocrx_word' id='word_1_315' title='bbox 875 2539 982 2595; x_wconf 91' lang='lat' dir='ltr'>solo,</span> <span class='ocrx_word' id='word_1_316' title='bbox 1024 2539 1065 2588; x_wconf 58' lang='lat' dir='ltr'>⁴si</span> <span class='ocrx_word' id='word_1_317' title='bbox 1095 2539 1198 2594; x_wconf 91' lang='lat' dir='ltr'>quid</span> <span class='ocrx_word' id='word_1_318' title='bbox 1241 2539 1383 2594; x_wconf 88' lang='lat' dir='ltr'>video,</span> <span class='ocrx_word' id='word_1_319' title='bbox 1436 2538 1577 2582; x_wconf 88' lang='lat' dir='ltr'>Caroli</span> <span class='ocrx_word' id='word_1_320' title='bbox 1621 2536 1866 2580; x_wconf 79' lang='lat' dir='ltr'>Schenkelii</span> <span class='ocrx_word' id='word_1_321' title='bbox 1912 2536 2123 2591; x_wconf 85' lang='lat' dir='ltr'>exemplo,</span> <span class='ocrx_word' id='word_1_322' title='bbox 2166 2541 2211 2578; x_wconf 90' lang='lat' dir='ltr'>ut</span> <span class='ocrx_word' id='word_1_323' title='bbox 2254 2536 2420 2580; x_wconf 84' lang='lat' dir='ltr'>Livium</span> <span class='ocrx_word' id='word_1_324' title='bbox 2465 2536 2631 2582; x_wconf 83' lang='lat' dir='ltr'>faceret</span> 
     </span>
     <span class='ocr_line' id='line_1_31' title="bbox 217 2606 2629 2665; baseline 0 -14"><span class='ocrx_word' id='word_1_325' title='bbox 217 2608 429 2665; x_wconf 87' lang='lat' dir='ltr'>Propertii</span> <span class='ocrx_word' id='word_1_326' title='bbox 462 2612 694 2665; x_wconf 90' lang='lat' dir='ltr'>auctorem,</span> <span class='ocrx_word' id='word_1_327' title='bbox 738 2609 946 2665; x_wconf 91' lang='lat' dir='ltr'>pellectus</span> <span class='ocrx_word' id='word_1_328' title='bbox 990 2613 1069 2653; x_wconf 88' lang='lat' dir='ltr'>est.</span> <span class='ocrx_word' id='word_1_329' title='bbox 1131 2609 1213 2652; x_wconf 88' lang='lat' dir='ltr'>Hic</span> <span class='ocrx_word' id='word_1_330' title='bbox 1243 2610 1308 2652; x_wconf 81' lang='lat' dir='ltr'>vir</span> <span class='ocrx_word' id='word_1_331' title='bbox 1338 2609 1489 2652; x_wconf 80' lang='lat' dir='ltr'>doctus</span> <span class='ocrx_word' id='word_1_332' title='bbox 1521 2607 1806 2663; x_wconf 86' lang='lat' dir='ltr'>quadraginta</span> <span class='ocrx_word' id='word_1_333' title='bbox 1848 2607 2004 2649; x_wconf 91' lang='lat' dir='ltr'>abhinc</span> <span class='ocrx_word' id='word_1_334' title='bbox 2035 2606 2160 2649; x_wconf 91' lang='lat' dir='ltr'>annis</span> <span class='ocrx_word' id='word_1_335' title='bbox 2201 2607 2424 2655; x_wconf 87' lang='lat' dir='ltr'>(Zeitschr.</span> <span class='ocrx_word' id='word_1_336' title='bbox 2455 2607 2526 2650; x_wconf 78' lang='lat' dir='ltr'>fur</span> <span class='ocrx_word' id='word_1_337' title='bbox 2557 2608 2629 2652; x_wconf 90' lang='lat' dir='ltr'>die</span> 
     </span>
     <span class='ocr_line' id='line_1_32' title="bbox 216 2678 2629 2738; baseline 0 -15"><span class='ocrx_word' id='word_1_338' title='bbox 216 2679 463 2723; x_wconf 68' lang='lat' dir='ltr'>osterreich.</span> <span class='ocrx_word' id='word_1_339' title='bbox 509 2679 775 2736; x_wconf 85' lang='lat' dir='ltr'>Gymnasien</span> <span class='ocrx_word' id='word_1_340' title='bbox 822 2682 950 2736; x_wconf 88' lang='lat'>1860,</span> <span class='ocrx_word' id='word_1_341' title='bbox 994 2694 1034 2737; x_wconf 92' lang='lat' dir='ltr'>p.</span> <span class='ocrx_word' id='word_1_342' title='bbox 1065 2682 1150 2724; x_wconf 88' lang='lat'>401</span> <span class='ocrx_word' id='word_1_343' title='bbox 1167 2686 1275 2736; x_wconf 89' lang='lat' dir='ltr'>sqq.)</span> <span class='ocrx_word' id='word_1_344' title='bbox 1289 2682 1322 2738; x_wconf 87' lang='lat'>²)</span> <span class='ocrx_word' id='word_1_345' title='bbox 1384 2680 1526 2724; x_wconf 81' lang='lat' dir='ltr'>Ovidii</span> <span class='ocrx_word' id='word_1_346' title='bbox 1569 2679 1790 2721; x_wconf 89' lang='lat' dir='ltr'>Fastorum</span> <span class='ocrx_word' id='word_1_347' title='bbox 1834 2678 1952 2721; x_wconf 90' lang='lat' dir='ltr'>locos</span> <span class='ocrx_word' id='word_1_348' title='bbox 1983 2678 2214 2733; x_wconf 88' lang='lat' dir='ltr'>permultos</span> <span class='ocrx_word' id='word_1_349' title='bbox 2244 2678 2390 2732; x_wconf 89' lang='lat' dir='ltr'>ntique</span> <span class='ocrx_word' id='word_1_350' title='bbox 2430 2679 2629 2724; x_wconf 88' lang='lat' dir='ltr'>redolere</span> 
     </span>
     <span class='ocr_line' id='line_1_33' title="bbox 213 2748 2627 2806; baseline 0 -13"><span class='ocrx_word' id='word_1_351' title='bbox 213 2749 470 2806; x_wconf 86' lang='lat' dir='ltr'>sapientiam</span> <span class='ocrx_word' id='word_1_352' title='bbox 507 2750 693 2806; x_wconf 91' lang='lat' dir='ltr'>priorum</span> <span class='ocrx_word' id='word_1_353' title='bbox 724 2750 837 2793; x_wconf 87' lang='lat' dir='ltr'>Livii</span> <span class='ocrx_word' id='word_1_354' title='bbox 868 2751 1068 2794; x_wconf 87' lang='lat' dir='ltr'>librorum</span> <span class='ocrx_word' id='word_1_355' title='bbox 1101 2751 1349 2795; x_wconf 89' lang='lat' dir='ltr'>certissimis</span> <span class='ocrx_word' id='word_1_356' title='bbox 1381 2751 1508 2794; x_wconf 85' lang='lat' dir='ltr'>evicit</span> <span class='ocrx_word' id='word_1_357' title='bbox 1538 2749 1809 2804; x_wconf 86' lang='lat' dir='ltr'>argumentis.</span> <span class='ocrx_word' id='word_1_358' title='bbox 1873 2748 1993 2799; x_wconf 85' lang='lat' dir='ltr'>Quae</span> <span class='ocrx_word' id='word_1_359' title='bbox 2025 2761 2184 2791; x_wconf 88' lang='lat' dir='ltr'>causae</span> <span class='ocrx_word' id='word_1_360' title='bbox 2215 2748 2272 2791; x_wconf 88' lang='lat' dir='ltr'>ab</span> <span class='ocrx_word' id='word_1_361' title='bbox 2295 2762 2348 2792; x_wconf 90' lang='lat' dir='ltr'>eo</span> <span class='ocrx_word' id='word_1_362' title='bbox 2379 2749 2627 2806; x_wconf 83' lang='lat' dir='ltr'>afferuntur,</span> 
     </span>
    </p>
   </div>
   <div class='ocr_carea' id='block_1_9' title="bbox 207 2902 2628 3131">
    <p class='ocr_par' dir='ltr' id='par_1_10' title="bbox 207 2902 2628 3131">
     <span class='ocr_line' id='line_1_34' title="bbox 433 2902 2628 2950; baseline 0 -12"><span class='ocrx_word' id='word_1_363' title='bbox 433 2905 461 2945; x_wconf 85' lang='lat'>¹)</span> <span class='ocrx_word' id='word_1_364' title='bbox 488 2905 535 2939; x_wconf 84' lang='lat' dir='ltr'>cf.</span> <span class='ocrx_word' id='word_1_365' title='bbox 562 2905 665 2940; x_wconf 90' lang='lat' dir='ltr'>Dion.</span> <span class='ocrx_word' id='word_1_366' title='bbox 691 2905 805 2941; x_wconf 86' lang='lat' dir='ltr'>Halic.</span> <span class='ocrx_word' id='word_1_367' title='bbox 831 2906 861 2949; x_wconf 82' lang='lat' dir='ltr'>I,</span> <span class='ocrx_word' id='word_1_368' title='bbox 887 2910 944 2950; x_wconf 88' lang='lat'>31,</span> <span class='ocrx_word' id='word_1_369' title='bbox 971 2908 1065 2942; x_wconf 86' lang='lat' dir='ltr'>unde</span> <span class='ocrx_word' id='word_1_370' title='bbox 1089 2907 1311 2942; x_wconf 86' lang='lat' dir='ltr'>Varroniana</span> <span class='ocrx_word' id='word_1_371' title='bbox 1335 2907 1418 2941; x_wconf 88' lang='lat' dir='ltr'>lieet</span> <span class='ocrx_word' id='word_1_372' title='bbox 1443 2906 1588 2946; x_wconf 74' lang='lat' dir='ltr'>elicere:v</span> <span class='ocrx_word' id='word_1_373' title='bbox 1614 2904 1765 2948; x_wconf 83' lang='lat' dir='ltr'>produnt</span> <span class='ocrx_word' id='word_1_374' title='bbox 1788 2904 1882 2937; x_wconf 84' lang='lat' dir='ltr'>hunc</span> <span class='ocrx_word' id='word_1_375' title='bbox 1908 2907 2086 2937; x_wconf 87' lang='lat' dir='ltr'>auctorem</span> <span class='ocrx_word' id='word_1_376' title='bbox 2112 2902 2222 2937; x_wconf 82' lang='lat' dir='ltr'>verba</span> <span class='ocrx_word' id='word_1_377' title='bbox 2245 2902 2408 2947; x_wconf 73' lang='lat' dir='ltr'>Dionysii</span> <span class='ocrx_word' id='word_1_378' title='bbox 2435 2905 2478 2942; x_wconf 74' lang='lat' dir='ltr'>‚ol</span> <span class='ocrx_word' id='word_1_379' title='bbox 2503 2904 2539 2939; x_wconf 72' lang='grc' dir='ltr'>δὲ</span> <span class='ocrx_word' id='word_1_380' title='bbox 2564 2906 2628 2943; x_wconf 76' lang='grc' dir='ltr'>τὰς</span> 
     </span>
     <span class='ocr_line' id='line_1_35' title="bbox 207 2960 2266 3015; baseline -0.002 -14"><span class='ocrx_word' id='word_1_381' title='bbox 207 2961 408 3010; x_wconf 69' lang='grc' dir='ltr'>Ῥωμαϊκὰς</span> <span class='ocrx_word' id='word_1_382' title='bbox 436 2966 691 3014; x_wconf 81' lang='grc' dir='ltr'>συγγράψαντες</span> <span class='ocrx_word' id='word_1_383' title='bbox 717 2966 980 3015; x_wconf 75' lang='grc' dir='ltr'><strong>ἀρχαιολογίας“.</strong></span> <span class='ocrx_word' id='word_1_384' title='bbox 1030 2966 1121 3002; x_wconf 88' lang='lat' dir='ltr'>Vide</span> <span class='ocrx_word' id='word_1_385' title='bbox 1146 2966 1253 3002; x_wconf 84' lang='lat' dir='ltr'>etiam</span> <span class='ocrx_word' id='word_1_386' title='bbox 1279 2965 1388 3002; x_wconf 83' lang='lat' dir='ltr'>verba</span> <span class='ocrx_word' id='word_1_387' title='bbox 1411 2964 1564 3002; x_wconf 83' lang='lat' dir='ltr'>Euandri</span> <span class='ocrx_word' id='word_1_388' title='bbox 1590 2963 1679 3009; x_wconf 89' lang='lat' dir='ltr'>apud</span> <span class='ocrx_word' id='word_1_389' title='bbox 1704 2962 1811 3008; x_wconf 85' lang='lat' dir='ltr'>Verg.</span> <span class='ocrx_word' id='word_1_390' title='bbox 1837 2963 1926 2997; x_wconf 83' lang='lat' dir='ltr'>Aen.</span> <span class='ocrx_word' id='word_1_391' title='bbox 1952 2960 2054 2998; x_wconf 79' lang='lat' dir='ltr'>VIII.</span> <span class='ocrx_word' id='word_1_392' title='bbox 2079 2964 2149 2997; x_wconf 82' lang='lat'>333</span> <span class='ocrx_word' id='word_1_393' title='bbox 2174 2971 2266 3007; x_wconf 86' lang='lat' dir='ltr'>sqq.:</span> 
     </span>
     <span class='ocr_line' id='line_1_36' title="bbox 779 3025 1861 3071; baseline -0.005 -10"><span class='ocrx_word' id='word_1_394' title='bbox 779 3026 849 3069; x_wconf 77' lang='lat' dir='ltr'>,Me</span> <span class='ocrx_word' id='word_1_395' title='bbox 875 3026 1056 3071; x_wconf 85' lang='lat' dir='ltr'>pulsum</span> <span class='ocrx_word' id='word_1_396' title='bbox 1081 3027 1238 3071; x_wconf 88' lang='lat' dir='ltr'>patria</span> <span class='ocrx_word' id='word_1_397' title='bbox 1262 3026 1445 3071; x_wconf 85' lang='lat' dir='ltr'>pelagique</span> <span class='ocrx_word' id='word_1_398' title='bbox 1471 3027 1632 3060; x_wconf 87' lang='lat' dir='ltr'>extrema</span> <span class='ocrx_word' id='word_1_399' title='bbox 1654 3025 1861 3067; x_wconf 83' lang='lat' dir='ltr'>sequentem</span> 
     </span>
     <span class='ocr_line' id='line_1_37' title="bbox 779 3083 1643 3131; baseline -0.006 -10"><span class='ocrx_word' id='word_1_400' title='bbox 779 3085 937 3121; x_wconf 87' lang='lat' dir='ltr'>Fortuna</span> <span class='ocrx_word' id='word_1_401' title='bbox 959 3086 1183 3130; x_wconf 88' lang='lat' dir='ltr'>omnipotens</span> <span class='ocrx_word' id='word_1_402' title='bbox 1209 3083 1494 3131; x_wconf 50' lang='lat' dir='ltr'>et2ineluctabile</span> <span class='ocrx_word' id='word_1_403' title='bbox 1519 3083 1643 3118; x_wconf 82' lang='lat' dir='ltr'>Fatum</span> 
     </span>
    </p>
   </div>
   <div class='ocr_carea' id='block_1_10' title="bbox 211 3144 2629 3307">
    <p class='ocr_par' dir='ltr' id='par_1_11' title="bbox 211 3144 2629 3307">
     <span class='ocr_line' id='line_1_38' title="bbox 777 3144 1153 3189; baseline 0.008 -10"><span class='ocrx_word' id='word_1_404' title='bbox 777 3144 844 3180; x_wconf 90' lang='lat' dir='ltr'>His</span> <span class='ocrx_word' id='word_1_405' title='bbox 868 3155 1019 3189; x_wconf 89' lang='lat' dir='ltr'>posuere</span> <span class='ocrx_word' id='word_1_406' title='bbox 1043 3144 1153 3182; x_wconf 86' lang='lat' dir='ltr'>locis.‘</span> 
     </span>
     <span class='ocr_line' id='line_1_39' title="bbox 428 3211 2629 3260; baseline 0 -12"><span class='ocrx_word' id='word_1_407' title='bbox 428 3211 457 3257; x_wconf 74' lang='lat'>¹)</span> <span class='ocrx_word' id='word_1_408' title='bbox 482 3212 560 3249; x_wconf 81' lang='lat' dir='ltr'>Hac</span> <span class='ocrx_word' id='word_1_409' title='bbox 598 3213 635 3248; x_wconf 92' lang='lat' dir='ltr'>in</span> <span class='ocrx_word' id='word_1_410' title='bbox 672 3213 902 3251; x_wconf 89' lang='lat' dir='ltr'>similitudine</span> <span class='ocrx_word' id='word_1_411' title='bbox 940 3215 1150 3260; x_wconf 87' lang='lat' dir='ltr'>explicanda</span> <span class='ocrx_word' id='word_1_412' title='bbox 1184 3216 1252 3252; x_wconf 86' lang='lat' dir='ltr'>iam</span> <span class='ocrx_word' id='word_1_413' title='bbox 1284 3218 1390 3251; x_wconf 86' lang='lat' dir='ltr'>antea</span> <span class='ocrx_word' id='word_1_414' title='bbox 1419 3213 1596 3259; x_wconf 77' lang='lat' dir='ltr'>Neapolis,</span> <span class='ocrx_word' id='word_1_415' title='bbox 1627 3212 1805 3248; x_wconf 84' lang='lat' dir='ltr'>Heinsius.</span> <span class='ocrx_word' id='word_1_416' title='bbox 1843 3211 2093 3253; x_wconf 82' lang='lat' dir='ltr'>Burmannius,</span> <span class='ocrx_word' id='word_1_417' title='bbox 2131 3211 2307 3256; x_wconf 83' lang='lat' dir='ltr'>Gierigius</span> <span class='ocrx_word' id='word_1_418' title='bbox 2331 3213 2629 3248; x_wconf 73' lang='lat' dir='ltr'>commentatores</span> 
     </span>
     <span class='ocr_line' id='line_1_40' title="bbox 211 3270 1391 3307; baseline 0.007 -2"><span class='ocrx_word' id='word_1_419' title='bbox 211 3270 483 3307; x_wconf 75' lang='lat' dir='ltr'>desudaverant.</span> <span class='ocrx_word' id='word_1_420' title='bbox 1389 3275 1391 3278; x_wconf 75' lang='grc'>’</span> 
     </span>
    </p>
   </div>
   <div class='ocr_carea' id='block_1_11' title="bbox 2564 0 2884 391">
    <p class='ocr_par' dir='ltr' id='par_1_12' title="bbox 2564 0 2884 391">
     <span class='ocr_line' id='line_1_41' title="bbox 2564 0 2884 391; baseline 0 0"><span class='ocrx_word' id='word_1_421' title='bbox 2564 0 2884 391; x_wconf 95' lang='lat' dir='ltr'>  </span> 
     </span>
    </p>
   </div>
  </div>
 </body>
</html>
