2895 3832
1398 236 1572 300 „¹:3-

261 379 440 430 fabulae
472 405 527 412 —
569 379 900 430 transformatae
944 378 1115 433 quidem
1158 378 1201 421 in
1246 378 1488 423 universum
1532 376 1726 432 elegiaco
1776 389 1895 423 more
1932 389 1961 424 a
1996 379 2129 432 poeta
2167 399 2222 406 —
2263 372 2477 422 cundem
2522 372 2681 416 fontem

260 451 548 507 statuendum,
594 451 805 498 Livianae
848 455 992 497 autem
1040 449 1308 494 auctoritatis
1351 454 1496 497 notam
1539 448 1711 495 minime
1758 446 2010 490 inurendam
2042 451 2198 504 poetae
2242 450 2386 503 putem
2440 445 2681 491 obluctatus

258 522 464 578 Tuerkio,
498 522 570 577 qui
601 521 669 566 bis
699 520 782 565 hoc
811 520 910 565 fieri
940 520 1041 566 vult.

475 664 646 710 Transit
676 663 889 709 Tuerkius
921 663 980 708 ad
1011 663 1195 721 elegiam
1224 676 1418 719 nonam,
1451 675 1562 719 quae
1593 660 1767 706 inscribi
1797 663 1939 719 potest
1972 658 2054 717 ‚De
2086 657 2296 703 Hercule‘.
2341 659 2391 703 In
2412 658 2495 703 hoc
2516 670 2683 715 quoque

261 739 450 783 carmine
479 737 705 782 Livianam
738 736 886 781 olfacit
917 736 1170 793 doctrinam,
1215 750 1341 794 quam
1375 748 1461 791 qua
1505 738 1572 777 est
1615 733 1855 791 sagacitate
1900 732 2117 776 affirmare
2161 730 2315 781 studet,
2378 730 2504 784 Quod
2546 734 2683 778 utrum

260 810 421 857 habeat
452 823 535 866 quo
567 810 695 853 tutari
726 809 866 866 possit
895 822 1047 865 necne,
1081 809 1167 852 iam
1200 821 1435 853 cernamus.

470 893 535 938 Ac
577 893 690 938 duae
730 892 906 937 fabulae
944 892 1184 937 Herculeae
1227 891 1535 946 coniunguntur
1574 902 1602 932 a
1633 888 1873 944 Propertio:
1912 900 2059 944 pugna
2095 886 2208 931 illius
2251 886 2394 930 herois
2433 900 2527 930 cum
2566 885 2681 930 Caco

268 966 433 1009 latrone
465 969 509 1009 et
539 964 641 1009 Fori
679 964 826 1009 Boarii
858 964 1142 1020 consecratio,
1186 961 1413 1021 postmodo
1461 963 1676 1004 certamen
1720 959 1918 1003 Herculis
1962 972 2056 1003 cum
2100 956 2325 1002 sacerdote
2369 957 2517 1001 Bonae
2561 957 2683 1001 Deae

259 1037 457 1091 Araeque
488 1036 706 1080 Maximae
739 1035 1000 1080 constitutio.

473 1119 600 1163 Initio
634 1119 952 1176 disputationis,
992 1119 1107 1175 quod
1135 1120 1317 1163 Sancum
1340 1130 1437 1161 esse
1470 1115 1655 1159 eundem
1688 1114 1815 1158 deum
1854 1118 1982 1169 atque
2015 1113 2243 1157 Herculem
2275 1112 2517 1169 Propertius
2555 1112 2672 1156 dicat

264 1191 580 1235 Varronianam
612 1204 718 1248 prae
751 1204 798 1235 se
830 1190 941 1234 ferre
974 1191 1310 1247 persuasionem,
1348 1190 1499 1233 merito
1531 1191 1675 1229 monet
1705 1185 1931 1228 Tuerkius.
1993 1184 2164 1229 Deinde
2201 1185 2397 1229 Herculis
2435 1197 2529 1228 cum
2568 1183 2682 1227 Caco

259 1274 451 1320 pugnam
509 1267 782 1320 pertractans
835 1261 1067 1318 Vergilium
1118 1266 1160 1306 et
1223 1260 1390 1305 Livium
1453 1261 1651 1304 auctores
1713 1256 1893 1312 imputat
1944 1259 2101 1312 poetae
2160 1255 2226 1300 his
2285 1255 2427 1300 verbis
2488 1255 2548 1311 (p.
2593 1256 2683 1308 36):

266 1333 469 1389 ,Quorum
504 1334 613 1387 (scil.
646 1333 825 1389 Vergilii
858 1337 900 1377 et
930 1333 1061 1389 Livii)
1099 1344 1194 1377 cum
1231 1333 1450 1388 Propertio
1483 1333 1603 1371 tanta
1642 1327 1873 1371 similitudo
1912 1331 1991 1382 est,
2030 1331 2075 1370 ut
2106 1326 2164 1371 ad
2203 1338 2278 1370 eos
2317 1327 2418 1381 quin
2456 1326 2686 1371 accesserit

258 1416 345 1447 non
377 1403 553 1447 dubium
585 1404 669 1447 sit.‘

479 1486 658 1544 Vergilii
702 1485 888 1544 quidem,
927 1490 972 1530 ut
1002 1485 1084 1530 hoc
1116 1485 1266 1544 paucis
1306 1487 1542 1544 absolvam,
1582 1486 1705 1532 huius
1744 1485 1918 1532 fabulae
1949 1486 2237 1532 narrationem
2274 1491 2374 1531 ante
2412 1486 2558 1531 oculos
2595 1499 2682 1530 ver·

269 1562 412 1603 satam
447 1572 544 1603 esse
576 1564 736 1615 nostro,
768 1557 811 1601 in
842 1561 946 1602 nota
978 1571 1030 1602 ac
1063 1557 1296 1602 decantata
1326 1558 1474 1603 horum
1504 1564 1728 1616 poetarum
1761 1558 1968 1604 societate
1998 1571 2077 1615 per
2108 1571 2155 1604 se
2185 1557 2419 1615 putandum
2451 1570 2547 1603 esse
2578 1569 2685 1601 unus

261 1630 442 1687 quisque
477 1630 706 1686 concedet;
739 1629 810 1686 qui
840 1629 965 1673 huius
996 1629 1059 1672 rei
1092 1629 1308 1673 studiosus
1331 1630 1445 1674 volet
1476 1643 1587 1683 esse,
1621 1644 1717 1675 eum
1743 1630 1800 1675 ad
1827 1630 2062 1675 Tuerkium
2086 1629 2371 1685 Zingerleium
2397 1633 2451 1681 (v.
2474 1633 2558 1673 not.
2576 1642 2615 1685 p.
2634 1630 2678 1685 9)

261 1700 332 1745 all.
379 1701 552 1758 delego,
604 1714 781 1757 quorum
824 1713 958 1757 opera
1001 1700 1111 1743 haec
1158 1713 1228 1744 res
1275 1700 1337 1744 ita
1385 1701 1618 1757 explanata
1656 1706 1734 1757 est,
1777 1706 1823 1745 ut
1858 1701 1920 1744 nil
1962 1700 2197 1745 desideres.
2267 1700 2334 1744 De
2365 1699 2507 1743 Livii
2538 1704 2679 1744 autem

260 1771 516 1815 auctoritate
545 1785 631 1815 non
663 1777 729 1816 est
761 1784 834 1814 cur
856 1771 1083 1826 quicquam
1105 1771 1340 1826 largiamur
1368 1772 1458 1814 viro
1481 1773 1629 1828 docto;
1661 1772 1760 1816 vide
1782 1773 1908 1815 etiam
1932 1785 2042 1826 quae
2056 1771 2217 1827 profert
2237 1771 2306 1814 Fr.
2329 1771 2520 1814 Cauerus
2536 1770 2578 1822 (l.
2596 1770 2621 1813 l.
2643 1783 2685 1824 p.

266 1842 416 1897 1581):
465 1841 544 1900 „In
575 1841 653 1888 der
683 1840 942 1888 Geschicbte
973 1854 1057 1887 von
1089 1840 1298 1888 Hercules
1330 1842 1417 1888 und
1449 1842 1587 1889 Cacus
1618 1842 1725 1888 wird
1757 1842 1853 1889 eine
1881 1830 2300 1898 Ubereinstimmung
2324 1840 2400 1886 mit
2426 1840 2575 1887 Livius
2601 1839 2686 1886 und

265 1914 411 1970 Vergil
456 1914 789 1970 nachgewiesen
831 1913 938 1969 (scil.
970 1926 998 1956 a
1029 1913 1246 1967 Tuerkio)‚
1293 1914 1363 1957 die
1395 1915 1467 1958 bei
1503 1915 1660 1959 beiden
1699 1914 1779 1958 auf
1815 1915 2065 1970 Benutzung
2096 1913 2227 1957 durch
2270 1914 2453 1973 Properz
2496 1912 2684 1957 beruhen

262 1986 397 2041 kann,
430 1988 538 2028 aber
568 2000 648 2027 nur
678 1987 751 2028 bei
783 1987 942 2040 Vergil,
981 1986 1111 2040 nicht,
1144 1987 1226 2027 wie
1258 1987 1404 2028 Tuerk
1436 1988 1653 2042 annimmt,
1698 1987 1808 2029 auch
1841 1987 1912 2029 bei
1942 1986 2092 2028 Livius
2134 1986 2325 2029 beruhen
2368 1999 2443 2028 mu
2457 1999 2527 2043 ss3
2572 1985 2684 2028 denn

260 2058 398 2099 selbst
428 2058 499 2099 die
529 2058 703 2099 kleinen
733 2044 1207 2109 ilbereinstimmungen
1239 2058 1282 2097 in
1315 2058 1393 2099 der
1422 2059 1549 2100 Form
1585 2059 1757 2099 ko'nnen
1785 2058 1915 2099 durch
1944 2058 2195 2111 Benutzung
2224 2058 2342 2099 einer
2367 2058 2686 2112 gemeinsamen

260 2127 413 2180 Quelle
452 2127 709 2171 entstanden
740 2127 871 2171 sein.“
946 2128 998 2170 G.
1039 2128 1293 2171 Knaackius
1325 2144 1494 2182 qnoque
1534 2130 1577 2184 (l.
1611 2130 1637 2171 l.
1672 2145 1711 2184 p.
1743 2131 1847 2181 401)
1893 2135 2152 2183 aspernatur
2188 2130 2370 2183 Livium,
2430 2129 2532 2184 „der
2569 2129 2686 2171 nicht

259 2198 327 2244 als
359 2197 700 2244 Gewiihrsmann
732 2196 964 2254 angefiihrt
995 2197 1168 2243 werden
1202 2197 1385 2243 dur-ste.“

478 2269 601 2323 Quae
633 2269 817 2315 virorum
849 2268 1070 2315 doctorum
1101 2267 1261 2314 iudicia
1293 2274 1483 2315 nostrum
1514 2287 1624 2316 nunc
1657 2270 1735 2315 erit
1766 2270 1970 2316 stabilire.

474 2353 656 2397 Incohat
686 2369 857 2397 carmen
890 2369 1048 2397 nonum
1080 2353 1254 2397 Sextus:

901 2423 1323 2481 ,Amphitryoniades
1356 2439 1440 2480 qua
1473 2430 1727 2481 tempestate
1759 2426 1962 2471 iuvencos

897 2496 1061 2552 Egerat
1092 2510 1120 2539 a
1152 2496 1347 2550 stabulis,
1382 2510 1406 2539 o
1438 2496 1642 2552 Erythea,
1674 2497 1770 2553 tuis,

899 2567 1027 2611 Venit
1058 2572 1101 2612 et
1131 2567 1189 2611 ad
1220 2566 1369 2622 victor,
1402 2581 1612 2623 pecorosa
1642 2568 1827 2624 Palatia,
1859 2573 2039 2625 montes,

899 2638 955 2681 Et
985 2639 1134 2682 statuit
1164 2637 1320 2690 sessOS‚
1351 2637 1491 2682 fessus
1523 2644 1566 2683 et
1596 2639 1703 2696 ipse,
1736 2640 1898 2684 boves.‘

475 2720 640 2775 Quibus
673 2735 768 2766 cum
807 2721 1004 2766 versibus
1037 2726 1318 2779 componatur
1349 2720 1459 2764 Livii
1498 2722 1685 2767 narratio
1718 2722 1827 2768 haec
1868 2723 1918 2779 (I,
1953 2726 1992 2779 7,
2025 2726 2090 2776 4):
2133 2723 2372 2779 ‚Herculem
2413 2723 2456 2766 in
2494 2737 2547 2767 ea
2588 2723 2684 2767 loca

267 2794 470 2853 Geryone
505 2795 759 2853 interempto
792 2794 927 2838 boves
958 2794 1066 2838 mira
1098 2794 1244 2851 specie
1276 2794 1477 2850 abegisse
1508 2800 1757 2852 memorant,
1790 2809 1842 2839 ac
1873 2809 2007 2852 prope
2038 2796 2226 2840 Tiberim
2256 2795 2428 2840 fluvium
2459 2828 2470 2839 .
2504 2829 2513 2839 .
2548 2832 2556 2840 .
2588 2795 2683 2839 loco

263 2865 459 2922 herbido,
492 2872 539 2911 ut
570 2866 713 2923 quiete
746 2871 789 2909 et
818 2866 977 2922 pabulo
1012 2866 1127 2910 laeto
1159 2865 1355 2909 reficeret
1386 2867 1532 2922 boves,
1567 2871 1621 2910 et
1652 2867 1822 2923 ipsum
1854 2866 2052 2911 fessum
2083 2867 2154 2911 via
2184 2867 2488 2923 procubuisse}

476 2962 612 3007 Versu
642 2975 757 3005 nono
789 2961 1034 3018 Propertius
1067 2961 1208 3018 pergit
1239 2960 1325 3004 sic:
2391 2948 2393 2950 ’

872 3044 1036 3099 ‚Incola
1068 3045 1207 3088 Cacus
1241 3048 1346 3097 erat,
1379 3045 1606 3088 metuendo
1639 3049 1786 3100 raptor
1816 3045 1872 3088 ab
1907 3046 2057 3088 antro.⁴

468 3139 626 3190 Ferme
673 3138 948 3185 consentiens
979 3151 1073 3183 cum
1110 3152 1161 3183 eo
1202 3137 1307 3181 dicit
1359 3138 1506 3184 Livius
1548 3139 1590 3194 (l.
1634 3140 1703 3195 l.):
1762 3139 1929 3195 ,Pastor
1973 3140 2172 3184 accola
2215 3139 2307 3184 eius
2356 3139 2453 3196 loci,
2511 3138 2681 3183 nomine

257 3210 411 3266 Cacus,
443 3209 565 3256 ferox
596 3210 786 3256 viribus.‘

474 3306 544 3349 De
580 3305 682 3349 dolo
715 3320 884 3360 quoque
917 3306 975 3349 ad
1016 3307 1242 3353 celandum
1275 3306 1427 3350 furtum
1459 3321 1486 3349 a
1519 3307 1634 3353 Caco
1667 3305 1861 3350 adhibito
1904 3306 2017 3350 Livii
2062 3320 2155 3350 cum
2193 3306 2413 3364 Propertio
2455 3311 2684 3350 concentus

267 3375 311 3419 in
342 3376 570 3432 propatulo
602 3381 681 3420 est.
744 3377 901 3432 Pangit
931 3382 1061 3433 poeta
1093 3377 1149 3432 (v.
1187 3381 1235 3420 11
1273 3377 1372 3434 sq.):
