2895 3832
1324 233 1534 298 „32

1461 372 1652 430 ,desecta
1681 370 1879 416 Tolumni

924 443 1079 488 Cervix
1114 444 1330 489 Romanos
1362 445 1573 502 sanguine
1603 443 1709 488 lavit
1740 444 1890 500 equos‘

205 513 437 559 referenda
468 529 566 559 esse
597 515 655 558 ad
686 515 799 558 Livii
830 515 904 572 lV,
948 517 1016 572 19,
1049 519 1099 559 5:
1134 517 1358 573 ,exsangui
1390 517 1585 560 detracta
1616 515 1756 573 spolia
1787 520 2000 571 caputque
2038 515 2253 558 abscisum
2291 514 2426 557 victor
2464 514 2628 570 spiculo

206 599 365 642 gerens
394 592 556 631 terrore
587 586 704 630 caesi
736 587 852 642 regis
884 587 1031 630 hostes
1075 588 1196 631 fudit.
1201 590 1212 611 ‘
1274 589 1429 631 Parum
1460 589 1597 632 videri
1640 587 1942 642 similitudiniS,
1987 600 2117 642 quam
2159 593 2205 629 ut
2248 586 2346 629 huic
2389 586 2467 628 viri
2515 586 2631 629 docti

206 657 481 702 affirmationi
512 658 649 714 possit
679 658 903 714 subscribi,
936 659 1207 702 cautissimus
1239 660 1419 714 quisque
1447 660 1730 715 concedet.¹)‚

421 741 543 791 Quae
565 755 661 784 cum
681 741 743 784 ita
764 741 862 797 sint,
894 756 949 784 ne
975 756 1059 785 uno
1082 743 1253 796 quidem
1275 743 1371 785 loco
1404 742 1557 785 decimi
1590 742 1790 785 carminis
1823 741 1990 784 Livium
2021 746 2137 784 stare
2169 747 2390 784 auctorem
2423 740 2631 795 Propertii

207 811 416 855 existimo.
478 810 533 854 Et
570 825 665 854 cum
710 816 942 855 extenuare
985 812 1110 867 Livii,
1162 813 1365 856 Varronis
1408 827 1676 867 exaggerare
1714 812 2013 855 auctoritatem
2051 811 2236 854 maxime
2277 827 2374 855 mea
2421 811 2627 854 interesse

206 880 302 937 plus
334 880 468 925 semel
500 879 695 937 dixerim,
727 880 812 926 illis
834 880 1001 926 duobus
1029 882 1242 938 capitibus
1273 882 1488 927 Plutarchi
1520 881 1620 938 (Vit.
1653 881 1820 926 Romuli
1852 895 1948 937 cap.
1982 881 2082 925 XVI
2114 884 2157 925 et
2188 880 2270 925 vit.
2304 880 2498 926 Marcelli
2529 892 2625 935 cap.

208 951 328 1007 VIII)
357 951 457 996 huic
486 951 549 996 rei
581 956 651 996 sat
682 952 953 997 emolumenti
996 953 1235 998 accessisse
1273 958 1389 1010 puto,
1439 953 1689 1009 praesertim
1732 966 1825 997 cum
1868 952 2009 1009 priore
2053 952 2241 996 locorum
2278 951 2624 996 Plutarcheorum

204 1023 342 1079 ipsum
389 1036 544 1067 nomen
590 1023 796 1068 Varronis
840 1024 1048 1069 excitetur
1097 1026 1225 1082 (,φησὶ
1264 1023 1462 1082 Βάρῥων*)
1476 1028 1520 1077 ²).

415 1165 615 1210 Carmine
659 1166 835 1224 prlmo‚
887 1181 970 1223 quo
1020 1167 1296 1223 proficiscens
1352 1182 1376 1210 a
1423 1168 1568 1224 parvis
1621 1169 1783 1211 Romae
1833 1167 1964 1209 initiis
2014 1165 2310 1210 describendis
2355 1165 2623 1221 persequitur

203 1240 466 1279 crescentem
517 1237 561 1278 in
613 1237 709 1280 dies
759 1238 996 1293 potentiam
1038 1238 1178 1293 Urbis,
1242 1238 1426 1293 plurima
1457 1238 1664 1293 variaque
1702 1238 1914 1281 neminem
1954 1237 2104 1279 mirum
2135 1236 2312 1279 habebit
2342 1235 2521 1292 proferri
2565 1236 2619 1278 de

201 1306 528 1363 antiquitatibus
560 1308 765 1352 Romanis
796 1323 824 1351 a
855 1308 1088 1365 Propertio.
1148 1308 1271 1361 Quae
1302 1308 1403 1352 inde
1435 1309 1567 1352 oritur
1597 1308 1829 1352 difficultas
1874 1308 2003 1352 etiam
2047 1322 2098 1352 eo
2140 1312 2334 1364 augetur,
2380 1306 2495 1363 quod
2540 1307 2621 1350 hac

201 1378 346 1435 elegia
375 1377 419 1422 in
451 1379 802 1436 angustissimam
833 1379 1085 1423 brevitatem
1118 1380 1371 1437 compressit
1402 1393 1523 1423 suam
1555 1379 1792 1424 doctrinam
1834 1379 1991 1423 Sextus
2030 1385 2072 1423 et
2113 1378 2264 1423 leviter
2303 1383 2465 1422 tantum
2507 1378 2622 1421 velut

199 1450 244 1492 in
274 1455 521 1493 transcursu
552 1451 696 1493 omnia
726 1451 865 1506 tetigit
896 1452 1253 1506 saepiusculeque
1286 1453 1330 1494 in
1362 1465 1511 1493 unum
1544 1450 1771 1494 distichum
1803 1451 1947 1506 plures
1978 1464 2048 1493 res
2079 1450 2137 1493 ad
2169 1450 2428 1493 incunabula
2456 1451 2618 1492 Romae

199 1525 446 1577 spectantes
477 1520 655 1564 infersit.

412 1604 481 1646 De
512 1603 914 1647 vetustissimae
947 1605 1110 1648 Romae
1132 1604 1272 1648 forma
1290 1619 1344 1649 ac
1366 1605 1620 1648 condicione
1640 1605 1734 1659 quis
1759 1617 1942 1659 unquam
1962 1604 2040 1646 fuit
2059 1603 2231 1658 gravior
2251 1604 2441 1646 Varrone
2466 1603 2619 1646 testis?

198 1674 265 1716 Ne
303 1674 458 1717 multus
496 1674 575 1717 sim
613 1674 656 1716 in
700 1687 747 1717 re
788 1678 905 1727 nota,
953 1674 1203 1725 Quintiliani
1240 1676 1360 1727 (Inst.
1396 1675 1511 1719 Orat.
1545 1676 1579 1725 1,
1612 1678 1652 1730 6,
1685 1677 1756 1731 12)
1793 1675 1954 1718 verbis:
2001 1675 2152 1725 ,Varro
2196 1674 2240 1716 in
2271 1686 2323 1717 eo
2366 1674 2489 1726 libro,
2536 1686 2618 1728 quo

200 1744 324 1788 initia
355 1745 577 1788 Romanae
611 1745 727 1789 urbis
758 1746 959 1800 enarrat‘,
992 1750 1104 1789 toto
1137 1746 1269 1790 libro
1302 1746 1400 1789 illas
1432 1760 1500 1789 res
1532 1750 1742 1790 tractasse
1775 1745 2000 1789 Reatinum
2031 1744 2257 1800 probabile
2288 1743 2385 1796 fit.⁸)

413 1815 565 1871 Itaque
629 1815 843 1860 Tuerkius
895 1816 1013 1860 illam
1057 1830 1193 1861 rerum
1246 1817 1379 1860 nostri
1436 1816 1634 1860 carminis
1679 1816 1922 1871 congeriem
1971 1815 2278 1860 Varronianam
2322 1814 2619 1858 auctoritatem

195 1885 381 1929 inustam
410 1885 523 1929 ferre
553 1886 643 1929 vult
674 1890 717 1929 et
748 1899 860 1941 quae
891 1887 1072 1941 praebet
1102 1892 1367 1942 argumenta,
1400 1888 1463 1931 eis
1494 1887 1596 1930 mihi
1627 1887 1670 1929 in
1702 1887 1944 1930 universum
1975 1886 2241 1938 persuasisse
2275 1885 2409 1928 virum
2450 1885 2620 1929 doctum

197 1968 320 1998 suam
365 1968 463 2000 esse
507 1956 777 2012 probandam
821 1956 1077 2001 sententiam
1120 1957 1258 2001 laetus
1300 1957 1440 2001 libens
1484 1970 1688 2013 agnosco.
1751 1957 1935 2000 Tantum
1979 1969 2065 2000 non
2106 1955 2148 1998 in
2193 1968 2447 2011 unoquoque
2491 1968 2617 1999 versu

198 2025 467 2069 Varroniana
497 2026 634 2081 spirat
664 2031 779 2070 certe
810 2041 942 2070 mens.

414 2097 490 2140 Bis
522 2101 665 2140 autem
697 2097 740 2140 in
772 2097 854 2141 hoc
885 2111 1053 2153 quoque
1087 2098 1399 2141 dissertationis
1422 2098 1564 2154 capite
1597 2098 1777 2141 occurrit
1798 2098 1950 2140 Livii
1983 2110 2137 2141 nomen
2159 2110 2187 2140 a
2208 2097 2396 2140 Tuerkio
2419 2097 2615 2140 excitum.

196 2167 467 2222 Quamquam
511 2168 647 2212 altero
679 2168 776 2212 loco
809 2168 1087 2213 dissensus
1124 2169 1235 2213 Livii
1269 2174 1312 2213 et
1342 2169 1550 2226 Propertii
1589 2169 1801 2226 detegitur
1841 2184 1868 2213 a
1907 2169 1995 2212 viro
2035 2169 2176 2213 docto.
2241 2167 2365 2220 Quod
2407 2168 2519 2211 enim
2561 2168 2616 2212 de

194 2239 494 2295 Albaelongae
527 2239 875 2285 denominatione
908 2240 1082 2285 exhibet
1113 2246 1245 2297 poeta
1275 2255 1400 2285 versu
1432 2243 1507 2285 35:

799 2312 869 2367 ,Et
900 2312 1016 2355 stetit
1046 2312 1159 2355 Alba
1190 2317 1359 2367 potens,
1390 2313 1551 2356 albae
1583 2313 1690 2355 suis
1722 2313 1888 2355 omine
1914 2313 2046 2366 nata‘,

194 2381 385 2435 sequitur
415 2381 586 2424 solitam
621 2382 856 2425 doctrinam
889 2383 1191 2438 propriamque
1224 2383 1440 2425 Varronis.
1484 2383 1547 2426 Cf.
1581 2384 1758 2425 Varron.
1792 2382 1846 2425 de
1879 2383 1978 2437 ling.
2002 2383 2074 2425 lat.
2109 2383 2158 2436 V,
2195 2385 2300 2424 144:
2335 2381 2473 2435 ,Alba,
2496 2381 2541 2423 id
2557 2382 2614 2423 ab

194 2464 271 2493 sue
302 2451 405 2494 alba
436 2451 713 2494 nominatum‘
747 2456 790 2495 et
820 2452 936 2495 Serv.
970 2453 1078 2497 Aen.
1110 2453 1144 2508 l,
1179 2454 1288 2495 270:
1328 2452 1497 2507 ,Albam
1529 2452 1724 2506 Longam
1756 2452 1949 2495 condidit
1979 2452 2139 2494 dictam
2167 2451 2223 2493 ab
2256 2451 2426 2494 omine
2458 2451 2614 2493 albae

192 2534 351 2575 porcae
381 2526 578 2576 repertae
610 2522 679 2564 vel
710 2522 794 2564 situ
825 2522 1034 2565 civitatis.‘
1090 2523 1152 2565 Cf.
1180 2524 1307 2577 Verg.
1340 2524 1446 2565 Aen.
1471 2523 1584 2577 VIII,
1618 2524 1674 2565 36
1689 2536 1779 2576 sqq.
1826 2522 1985 2564 Contra
2016 2522 2163 2564 Livius
2195 2521 2300 2563 illud
2333 2522 2611 2574 veriloquium

193 2590 343 2634 reticet
374 2597 417 2634 et
446 2591 566 2634 vocis
596 2592 897 2647 Albaelongae
929 2592 1138 2647 originem
1169 2592 1463 2636 tantummodo
1496 2592 1685 2648 explicat
1716 2592 1778 2635 sic
1809 2593 1843 2647 I,
1877 2595 1926 2635 3:
1961 2592 2186 2647 ,Ascanius
2210 2625 2219 2634 .
2255 2625 2263 2634 .
2299 2624 2309 2634 .
2332 2605 2487 2634 novam
2520 2591 2613 2645 ipse

193 2660 325 2705 aliam
356 2661 436 2706 sub
458 2661 627 2706 Albano
649 2666 793 2707 monte
816 2662 1022 2718 condidit,
1055 2677 1166 2719 quae
1188 2663 1245 2707 ab
1268 2663 1350 2706 situ
1382 2667 1669 2719 porrectae
1702 2662 1746 2705 in
1768 2662 1897 2707 dorso
1921 2663 2036 2706 urbis
2055 2662 2210 2717 Longa
2233 2662 2345 2704 Alba
2367 2661 2612 2716 appellataf

408 2732 533 2776 Initio
566 2747 668 2776 vero
700 2733 900 2777 carminis
931 2748 970 2777 v.
1005 2736 1031 2777 3
1046 2748 1130 2789 sq.:

836 2805 988 2859 ,Atque
1020 2805 1092 2848 ubi
1124 2804 1284 2848 Navali
1317 2809 1431 2847 stant
1462 2818 1588 2847 sacra
1619 2803 1790 2847 Palatia
1821 2803 2011 2859 Phoebe,

831 2875 1024 2919 Euandri
1055 2875 1327 2932 profugae
1359 2875 1624 2919 concubuere
1658 2875 1804 2919 boves‘

190 2943 405 2987 Tuerkius
437 2944 577 2988 denuo
626 2946 793 2988 Livium
824 2951 1041 2990 auctorem
1075 2947 1248 2991 odorari
1280 2946 1362 2990 sibi
1393 2946 1569 2990 videtur.
1632 2946 1748 2989 Sane
1780 2945 1952 3001 quidem
1996 2946 2127 2989 etiam
2172 2945 2319 2988 Livius
2359 2945 2611 2999 ,profugum‘

407 3040 433 3083 ¹)
465 3039 554 3076 Cum
580 3040 670 3076 Livii
702 3052 915 3085 componere
956 3041 1073 3086 placet
1108 3041 1219 3077 verba
1251 3041 1413 3085 Dionysii
1443 3041 1704 3077 Halicarnassei
1739 3041 1839 3085 (XII,
1878 3042 1929 3085 5):
1968 3040 2257 3085 ,Ἀποκίτείνας
2296 3041 2339 3076 δὲ
2378 3039 2512 3075 αὐτὸν
2550 3041 2611 3082 (sc.

190 3097 420 3144 Τολοΰμνιον)
446 3100 519 3134 καὶ
544 3101 594 3134 τὰ
619 3100 761 3135 σκῦλα
793 3101 1086 3147 ἀφελόμενος,
1123 3101 1163 3136 οὐ
1192 3101 1297 3146 μόνον
1328 3102 1408 3140 τοὺς
1435 3101 1537 3145 ὁμόσε
1564 3105 1764 3149 χωροῦντας
1792 3102 1900 3139 ἱππεῖς
1926 3113 1963 3136 τε
1990 3102 2048 3135 καὶ
2074 3101 2195 3141 πεζοὺς
2224 3098 2487 3144 ἀνέβζτειλεν,
2525 3097 2614 3132 ἀλλὰ

188 3158 246 3193 καὶ
270 3158 351 3197 τοὺς
366 3184 374 3192 .
391 3184 398 3192 .
415 3184 423 3192 .
451 3158 660 3206 ἀντέχοντας
686 3160 732 3198 εἰς
759 3158 909 3205 ἀθυμίαν
934 3161 992 3196 ιαὶ
1018 3160 1095 3199 δέος
1125 3161 1356 3207 κατέστησεν.(

198 3279 212 3285 ..
402 3226 432 3270 ³)
468 3228 585 3263 Etiam
622 3230 661 3263 G.
695 3229 897 3265 Knaackius
934 3230 969 3274 (Ι.
996 3230 1019 3264 l.
1046 3242 1079 3275 p.
1107 3231 1192 3269 400)
1230 3230 1474 3265 auctoritatem
1506 3231 1676 3265 Varronis
1707 3241 1746 3264 sc
1779 3230 1940 3274 accipere
1972 3232 2096 3266 annuit
2121 3232 2333 3277 adiungens:
2367 3232 2465 3275 „Der
2489 3231 2525 3266 in
2549 3232 2614 3266 der

190 3286 478 3332 Uberarbeitung
500 3286 612 3321 Jubas
642 3287 699 3322 bei
727 3287 895 3323 Plutarch
916 3288 1142 3334 vorliegende
1170 3288 1317 3323 Bericht
1335 3291 1503 3334 gestattet
1522 3289 1613 3323 noch
1633 3289 1737 3323 einen
1747 3288 1993 3334 mueksohluss
2006 3290 2068 3324 auf
2080 3290 2138 3325 die
2164 3291 2391 3325 varronische
2417 3289 2611 3335 Fassung.“

401 3356 431 3402 ⁸)
455 3356 645 3391 Mirschius
671 3357 706 3402 (l.
728 3357 749 3391 1.
771 3369 804 3404 p.
825 3361 871 3394 32
891 3362 927 3393 et
950 3361 1011 3405 94)
1042 3360 1155 3395 fuisse
1180 3358 1279 3394 illum
1304 3362 1505 3406 quartum
1532 3359 1659 3394 librum
1685 3359 1944 3405 Antiquitatum
1969 3370 2089 3395 rerum
2114 3361 2349 3396 humanarum
2374 3362 2612 3397 ratiocinatur.
