2895 3832
1450 151 1476 188 5

458 286 750 331 Rothsteinius
802 286 986 340 quidem,
1047 287 1116 341 qui
1160 301 1295 343 nuper
1337 290 1489 341 (1898)
1542 289 1852 331 nobilissimam
1904 288 2158 331 ministravit
2213 288 2443 331 editionem
2487 294 2660 343 poetae,

245 359 554 404 Luetiohannis
591 356 647 401 de
683 356 908 413 periegeta
948 357 1167 413 Propertio
1208 359 1463 404 sententiam
1504 360 1634 416 plane
1675 359 1777 404 fecit
1816 375 1951 404 suam.
2016 359 2056 403 N
2059 373 2108 403 ec
2139 373 2225 403 non
2256 358 2445 404 arridere
2475 365 2659 417 apparet

244 431 355 475 hanc
387 429 618 475 carminum
649 428 1055 485 contemplationem
1088 429 1306 475 Friderico
1334 430 1501 477 Cauero
1531 431 1742 487 (Berliner
1762 432 1906 488 philol.
1930 430 2274 476 Wochenschrist
2298 432 2427 487 1885,
2449 446 2491 488 p.
2517 434 2656 486 1579)

245 503 551 558 Praeterquam
589 500 705 556 quod
742 500 801 544 ad
832 501 1077 556 analogiam
1119 502 1363 547 calendar-is
1402 503 1707 548 Ovidianorum
1744 503 1969 547 Fastorum
2012 503 2304 559 dispositionis
2345 517 2425 547 nos
2469 503 2655 559 delegat,

246 574 365 618 initio
398 572 583 617 omnium
614 571 705 616 fere
745 577 984 615 nostrarum
1019 572 1252 628 elegiarum
1296 578 1455 618 certum
1494 574 1612 619 urbis
1652 575 1815 618 Romae
1863 575 2000 618 locum
2044 574 2428 618 commemorari
2467 588 2495 618 a
2534 579 2661 631 poeta

246 649 424 689 annotat
447 643 517 686 hic
552 643 615 686 vir
640 642 803 686 doctus.
856 643 993 686 Nimis
1024 643 1218 699 fidenter,
1252 659 1320 688 me
1354 645 1524 700 quidem
1556 646 1712 690 iudice.
1776 646 1943 688 Mallem
1978 646 2175 700 equidem
2207 646 2390 689 dixisset
2427 645 2661 701 potuisse

247 714 512 760 obversari
548 715 706 770 poetae
742 714 963 769 regionem
995 719 1157 758 certam
1188 715 1317 759 Urbis
1349 716 1418 759 vel
1450 716 1692 760 aedificium
1721 716 1792 769 (cf.
1826 730 1891 761 ex.
1924 731 1987 771 gr.
2021 730 2191 760 carmen
2222 717 2304 770 X.).

458 798 660 841 Attamen
690 796 878 841 fortasse
910 797 953 840 in
994 798 1181 852 aliquam
1223 799 1395 853 quidem
1427 813 1521 843 cum
1558 800 1625 843 his
1662 800 1766 844 viris
1807 799 1946 843 doctis
1985 800 2327 844 communitatem
2365 800 2662 854 deveniemus,

247 869 425 913 simulac
457 880 567 923 quae
598 866 725 911 tertia
762 867 931 923 prolata
964 874 1028 911 est
1074 868 1404 913 examinarimus
1446 871 1719 926 sententiam,
1764 884 1850 925 qua
1883 870 2189 925 Hertzbergius
2222 871 2465 915 Krahnerus
2510 869 2661 914 Kirch·

246 953 373 984 nerus
405 939 621 983 Scharfius
636 939 865 993 Langius1)
894 939 969 982 alii
985 940 1101 994 ,Cau
1114 942 1296 983 sarum‘
1325 941 1490 985 titulum
1517 947 1664 997 aptum
1692 942 2146 996 accommodatumque
2175 955 2270 985 esse
2301 941 2459 985 nostris
2491 941 2659 996 elegiis,

248 1009 444 1067 exemplo
489 1014 631 1054 autem
676 1009 942 1065 Callimachi,
984 1010 1028 1053 in
1066 1024 1148 1065 quo
1187 1010 1393 1056 imitando
1436 1026 1531 1057 eum
1575 1012 1746 1057 omnino
1791 1014 1880 1057 fere
1927 1017 2060 1056 totum
2105 1025 2152 1056 se
2191 1012 2428 1057 collocasse
2469 1012 2513 1056 in
2559 1025 2660 1056 con-

248 1097 371 1128 cesso
404 1088 481 1135 est,
514 1083 734 1127 incensum
767 1096 862 1127 esse
906 1082 963 1126 ad
1008 1097 1083 1127 eas
1125 1084 1380 1139 pangendas
1411 1093 1583 1141 poetam
1616 1090 1845 1139 autumant.
1909 1086 2014 1129 Cum
2047 1085 2198 1141 quibus
2238 1099 2318 1140 ego
2359 1099 2445 1129 non
2482 1098 2658 1141 possum

248 1156 347 1212 quin
377 1155 546 1200 faciam.

461 1243 597 1295 Atque
624 1244 876 1295 argumenta
897 1240 1068 1295 singula
1093 1253 1204 1295 quae
1232 1241 1479 1285 Callimachi
1505 1242 1683 1297 ,Aetiis‘,
1718 1255 1894 1297 quorum
1921 1247 2092 1284 exstant
2114 1242 2244 1297 nulla,
2276 1246 2459 1284 tractata
2490 1241 2659 1297 fuerint,

251 1326 507 1368 quamquam
552 1312 747 1367 quaestio
784 1316 850 1354 est
894 1311 1146 1354 difficillima
1197 1318 1240 1355 et
1288 1313 1469 1368 longior,
1527 1328 1652 1368 quam
1688 1327 1799 1368 quae
1833 1314 1914 1357 hoc
1946 1315 2042 1357 loco
2087 1314 2145 1356 ad
2185 1314 2406 1356 obrussam
2447 1313 2657 1368 exigatur,

249 1374 400 1426 tamen
424 1383 469 1425 id
500 1383 686 1425 breviter
724 1395 801 1438 pro
834 1388 949 1424 certo
982 1396 1141 1438 ponere
1173 1396 1397 1438 possumus
1429 1398 1523 1426 cum
1554 1385 1655 1426 viris
1688 1385 1823 1427 doctis
1855 1384 2167 1439 Callimacheis,
2199 1389 2369 1425 versata
2400 1397 2497 1426 esse
2529 1397 2583 1426 ea
2614 1389 2656 1424 in

250 1455 438 1509 gentium
470 1455 635 1495 urbium
666 1454 949 1494 institutorum
969 1454 1163 1494 ludorum
1196 1467 1411 1496 sacrorum
1433 1456 1668 1509 originibus
1690 1456 1986 1497 describendis
2010 1461 2051 1497 et
2071 1456 2114 1495 in
2136 1455 2278 1497 causis
2300 1468 2443 1496 eorum
2463 1456 2656 1509 appella-

250 1525 378 1569 tionis
422 1523 702 1579 explicandis.
764 1524 828 1566 Ab
869 1524 989 1578 epico
1032 1528 1174 1567 autem
1208 1537 1365 1579 genere
1401 1524 1510 1567 Αἴτια
1550 1525 1801 1569 Callimachi
1846 1538 1899 1568 ex
1937 1525 2184 1569 Schneideri
2230 1525 2488 1580 temporibus
2530 1538 2655 1568 nemo

251 1597 421 1651 ignorat
441 1595 570 1650 longe
601 1594 733 1637 fuisse
757 1594 941 1656 diversa,
981 1595 1137 1649 quippe
1170 1608 1281 1649 quae
1311 1610 1397 1639 non
1429 1596 1671 1639 continuum
1702 1609 1810 1651 opus
1842 1601 1999 1646 essent,
2040 1596 2119 1639 sed
2147 1597 2280 1639 series
2311 1596 2569 1650 singulorum
2600 1595 2656 1639 de

252 1667 430 1722 singulis
463 1666 725 1720 argumentis
757 1666 1000 1719 carminum,
1034 1679 1171 1719 eaque
1203 1680 1287 1709 non
1320 1667 1456 1721 epico,
1489 1668 1567 1710 sed
1599 1668 1794 1721 elegiaco
1826 1672 1960 1710 metro
1993 1667 2243 1721 composita.

465 1751 588 1801 Quae
632 1750 775 1791 omnia
816 1750 969 1804 optime
1014 1749 1226 1803 quadrant
1268 1750 1312 1790 in
1343 1751 1550 1805 Propertii
1592 1751 1812 1792 rationem.
1874 1752 2214 1805 Contemplemur
2248 1751 2438 1805 primum,
2463 1745 2654 1804 'quaesQ

242 1824 411 1879 elegiae
437 1823 457 1863 I
482 1836 519 1863 v.
554 1823 750 1862 57—70:
822 1820 1209 1861 animadvertemus
1254 1821 1429 1862 Sextum
1465 1821 1599 1876 ipsum
1637 1822 1831 1876 impense
1872 1835 1919 1863 se
1968 1835 2181 1877 opponere
2215 1821 2352 1861 Ennio
2394 1825 2447 1874 (v.
2481 1823 2535 1861 61
2573 1825 2655 1874 sq.)

245 1900 373 1949 atque
406 1894 530 1935 fateri
562 1905 663 1934 suas
695 1892 807 1933 vires
838 1905 924 1933 non
963 1891 1158 1933 sufficere
1190 1891 1248 1933 ad
1280 1896 1441 1933 tantum
1474 1906 1595 1947 opus,
1627 1898 1829 1947 quantum
1862 1893 1916 1934 sit
1948 1906 2115 1934 carmen
2148 1897 2324 1947 epicum,
2363 1891 2654 1933 sustinendum

240 1971 293 2020 (v.
327 1969 383 2008 58
417 1969 548 2020 sqq.):

870 2035 935 2089 ,Ei
966 2034 1069 2076 mihi
1101 2035 1216 2088 quod
1246 2040 1391 2077 nostro
1424 2044 1489 2078 est
1521 2050 1672 2090 parvus
1704 2037 1748 2077 in
1782 2050 1854 2078 ore
1887 2051 2016 2078 sonus

868 2106 957 2148 Sed
988 2111 1134 2149 tamen
1166 2106 1321 2161 exiguo
1354 2107 1647 2162 quodcumque
1681 2121 1705 2150 e
1738 2113 1911 2163 pectore
1943 2108 2019 2149 rivi

866 2178 1067 2231 Fluxerit,
1099 2178 1182 2219 hoc
1212 2178 1374 2231 patriae
1407 2179 1564 2221 serviet
1595 2192 1718 2221 omne
1751 2181 1947 2229 meae.‘²)

454 2273 567 2326 Quid
578 2274 601 2318 ζ)
628 2273 743 2329 quod
756 2272 991 2327 respiciens
1006 2272 1228 2315 consilium
1243 2285 1363 2316 suum
1384 2274 1538 2329 seipse
1552 2274 1776 2330 praedicat
1789 2279 1919 2330 poeta
1935 2275 2182 2329 ,Romanum
2197 2272 2510 2316 Callimachum‘
2527 2287 2558 2315 v.
2574 2274 2631 2315 64

1010 2355 1203 2410 ,Umbria
1234 2357 1413 2399 Romani
1446 2357 1587 2411 patria
1619 2357 1904 2400 Callimachi!
1943 2381 1945 2383 ·

459 2441 583 2482 Nunc
605 2441 774 2483 demum
799 2442 867 2484 69.
889 2453 1056 2493 quoque
1077 2453 1227 2482 versus
1249 2441 1361 2482 omni
1395 2455 1448 2483 ex
1480 2445 1601 2495 parte
1622 2442 1875 2494 illustratur,
1908 2455 2006 2483 nam
2029 2441 2140 2494 quod
2163 2440 2364 2494 promittit
2394 2445 2525 2493 poeta
2556 2453 2650 2482 can-

239 2517 422 2555 taturum
469 2525 516 2554 se
561 2525 683 2554 sacra
728 2511 861 2566 diesss)
899 2510 1156 2564 cognomina
1196 2511 1340 2564 prisca
1377 2512 1579 2565 locorum,
1624 2512 1648 2555 i.
1682 2526 1717 2555 e.
1763 2526 1913 2555 causas
1958 2512 2105 2554 barum
2136 2524 2285 2564 rerum,
2331 2510 2412 2553 hoc
2454 2510 2650 2553 nimirum

239 2582 440 2638 amplecti
463 2583 626 2633 eadem,
659 2596 770 2636 quae
793 2597 820 2624 a
843 2581 1105 2624 Callimacho
1130 2582 1291 2636 ,Aetiis‘
1306 2587 1488 2625 tractata
1512 2597 1607 2626 esse
1629 2582 1756 2625 modo
1773 2582 1955 2626 diximus
1977 2587 2238 2636 argumenta,
2272 2580 2427 2624 clarius
2449 2581 2648 2636 elucebit,

240 2653 276 2698 si
310 2653 503 2710 singulas
534 2653 632 2697 illas
676 2653 836 2709 elegias
876 2652 1283 2709 perlustraverimus.
1347 2653 1554 2710 Exempla
1595 2659 1735 2697 autem
1779 2654 1913 2710 primo
1949 2654 2094 2697 obtutu
2132 2652 2255 2695 nobis
2286 2656 2462 2708 praesto
2508 2657 2649 2696 erunt:

238 2725 352 2781 quod
384 2725 442 2768 ad
465 2739 591 2768 sacra
612 2726 777 2776 attinet,
814 2725 1012 2768 conferas
1047 2740 1108 2767 ex.
1140 2739 1199 2780 gr.
1234 2740 1269 2768 c.
1305 2726 1380 2781 lX,
1415 2729 1470 2768 67
1504 2740 1614 2781 sqq,
1654 2726 1707 2768 dc
1741 2726 1892 2768 diebus
1924 2725 2043 2768 festis
2076 2724 2125 2767 cf.
2159 2739 2191 2767 c.
2215 2728 2246 2779 I,
2284 2726 2337 2766 19
2359 2738 2444 2779 sq.3
2477 2726 2535 2766 25
2568 2738 2650 2780 sq.;

238 2811 273 2840 c.
307 2797 380 2853 IV,
407 2799 460 2840 73
477 2811 588 2853 sqq.;
619 2797 674 2840 de
692 2797 933 2840 nominibus
953 2796 1106 2852 priscis
1123 2797 1312 2840 locorum
1345 2797 1397 2841 cf.
1431 2812 1467 2841 c.
1500 2798 1566 2854 113
1599 2812 1632 2842 c.
1656 2799 1732 2854 1V;
1766 2813 1799 2842 c.
1823 2798 1897 2849 IX,
1926 2801 1951 2840 5
1985 2811 2067 2852 sq.;
2105 2798 2157 2838 19
2189 2810 2274 2851 sq.3
2307 2798 2510 2852 21—703
2534 2811 2571 2840 c.
2594 2798 2651 2840 X.

453 2928 479 2972 ¹)
516 2927 725 2973 Hertzberg,
753 2927 806 2963 ed.
836 2929 1085 2970 1843—1845;
1124 2926 1298 2971 Krahner,
1325 2927 1449 2964 Philol.
1476 2931 1559 2964 toni.
1587 2928 1749 2965 XXVII:
1777 2929 1817 2964 K.
1838 2928 2020 2970 Kirclmer,
2047 2927 2101 2961 De
2128 2927 2303 2972 Propertii
2330 2927 2419 2963 libro
2456 2928 2501 2964 V.
2534 2929 2650 2974 capita

238 2998 315 3030 seX,
345 2987 497 3021 Rostock
531 2990 638 3030 18823
665 2987 707 3021 R.
733 2987 869 3027 Scharf,
910 2986 1141 3029 Quaestiones
1173 2986 1436 3030 Proswltianae.
1468 2988 1547 3023 Hal.
1578 2991 1683 3023 1881:
1710 2989 1750 3023 G.
1776 2988 1904 3031 Lange.
1942 2987 1984 3019 dc
2018 2986 2221 3021 Callimachi
2255 2988 2379 3023 Aetiis.
2417 2987 2512 3032 Lips.
2548 2992 2648 3023 1882.

450 3057 479 3102 ¹)
517 3058 563 3093 cf.
590 3057 791 3093 Callimach.
818 3058 861 3091 fr.
893 3060 959 3092 165
985 3058 1020 3091 et
1046 3060 1114 3092 490
1141 3058 1175 3101 (a
1199 3057 1377 3101 Diltheyo,
1404 3059 1574 3093 Analecta
1599 3059 1729 3094 Gallim.
1758 3070 1788 3101 p.
1817 3063 1836 3092 5
1862 3058 2020 3098 sociatam:

946 3116 1047 3162 ,Mrld'
1080 3118 1129 3150 ἀπ’
1164 3118 1245 3161 ἐμεῦ
1272 3118 1393 3163 διψᾶτε
1420 3120 1506 3163 μέγα
1533 3120 1727 3164 ψοφέουσαν
1755 3117 1871 3162 ἀοιδήν

944 3174 1135 3212 Τίκτεσθαι·
1163 3178 1308 3222 βροντᾶν
1335 3177 1398 3212 οὒκ
1424 3178 1515 3221 ἐμὸν,
1545 3177 1631 3211 ἀλλὰ
1657 3175 1758 3214 Aah<

450 3246 479 3292 ⁸)
517 3247 626 3292 ,Dies‘
652 3247 836 3283 audaciore
871 3257 955 3282 Sane
981 3246 1117 3292 figurae
1145 3247 1210 3283 ἀπὸ
1237 3251 1352 3283 κοινοῦ
1385 3258 1488 3291 quam
1521 3250 1724 3292 nuncupant
1756 3258 1820 3282 usu
1847 3257 1907 3291 pro
1934 3247 2020 3288 ,dies
2047 3248 2159 3291 festia
2205 3248 2299 3284 notio
2332 3259 2376 3284 ex
2414 3249 2648 3285 antecedente

234 3308 355 3347 ,sacra‘
382 3308 576 3350 repetenda
593 3309 657 3342 est.
