2895 3832
1399 131 1426 173 9

208 281 409 331 nostrum,
464 285 575 328 quae
607 275 756 328 aperte
795 271 1041 327 conspirant
1078 285 1172 316 cum
1216 272 1445 316 enuntiatis
1483 272 1597 315 illius
1640 269 1928 328 polyhistoris,
1975 268 2199 324 diligenter
2239 273 2294 322 et,
2338 268 2481 322 quoad
2525 267 2615 311 fieri

210 351 364 404 potest,
409 343 690 401 probabiliter
728 342 1038 387 demonstravit
1081 342 1306 400 Tuerkius,
1351 356 1432 387 nec
1468 356 1514 387 re
1559 341 1700 386 denuo
1745 341 1964 399 pensitata
2008 344 2052 384 et
2093 339 2336 394 ponderata
2377 352 2616 394 possumus,

210 419 309 475 quin
340 416 545 462 cedamus
576 414 620 457 in
662 418 808 470 partes
839 413 918 457 viri
949 413 1077 457 docti.
1141 413 1276 467 Quem
1314 419 1564 459 concentum
1594 413 1803 469 Propertii
1835 418 1877 456 et
1909 411 2112 456 Varronis
2144 409 2391 465 singillatim
2422 407 2617 466 persequi

212 503 323 534 nnnc
354 501 441 532 non
472 490 538 530 est
569 489 777 530 nostrum:
811 490 911 529 acta
941 499 1073 541 agere
1096 485 1346 530 videremur.

425 570 481 613 Et
512 582 768 624 quamquam
799 569 971 612 minime
1003 569 1234 612 infitiamur
1265 569 1462 613 Varronis
1494 568 1790 614 auctoritatem
1823 567 2010 611 excitare
2041 566 2287 610 facillimum
2320 579 2431 621 esse,
2465 565 2535 622 qui
2567 566 2620 609 de

212 646 328 687 nulla
359 656 463 686 sane
495 656 541 684 re
572 655 670 684 non
702 642 933 696 scripserit,
965 642 1010 684 id
1040 647 1184 685 tamen
1216 642 1353 696 quivis
1384 643 1573 698 negabit,
1607 640 1782 683 sicunde
1806 645 1897 682 erat
1917 638 2166 692 haurienda,
2198 638 2462 683 commodius
2492 637 2623 681 talem

214 716 494 760 eruditionem
525 713 716 768 potuisse
748 713 908 756 hauriri
939 728 1067 767 quam
1098 728 1122 756 e
1154 714 1367 756 thesauris
1399 715 1679 767 undecunque
1712 711 1946 753 doctissimi
1978 711 2258 753 Romanorum
2290 710 2382 765 viri,
2429 709 2500 764 qui
2543 709 2623 752 lar-

213 786 432 841 gissimam
468 784 723 826 cuicuimodi
766 784 1021 837 cognitionis
1062 785 1231 838 copiam
1262 784 1305 825 in
1339 784 1523 826 omnium
1553 797 1676 826 usum
1707 787 2001 837 proposuerat,
2044 782 2128 836 qui,
2175 787 2217 823 ut
2253 781 2480 836 Augustini
2517 780 2624 834 (Civ.

215 857 285 900 dei
317 856 387 910 VI,
420 854 466 910 2)
499 853 639 897 verbis
670 858 850 910 utamur,
891 859 992 910 ‚tam
1035 855 1167 898 multa
1198 854 1316 910 legit,
1353 859 1398 897 ut
1429 854 1591 910 aliquid
1623 853 1664 898 ei
1695 854 1881 897 scribere
1914 866 2096 896 vacasse
2128 853 2337 907 miremur,
2369 857 2459 895 tam
2491 851 2625 894 multa

216 927 398 983 scripsit,
432 939 560 981 quam
601 926 734 968 multa
777 925 848 968 vix
890 940 1144 981 quemquam
1175 926 1321 982 legere
1352 927 1543 982 potuisse
1575 925 1870 978 credamus.‘1)

431 1009 478 1051 Si
523 1023 624 1051 vero
670 1023 750 1051 nos
788 1009 1028 1064 insequenti
1074 1010 1371 1065 disquisitione
1416 1023 1632 1054 numerum
1674 1010 1862 1053 locorum
1907 1008 2039 1051 nostri
2083 1012 2237 1064 poetae
2281 1020 2373 1051 cum
2420 1006 2623 1050 Varronis

219 1081 411 1125 doctrina
444 1080 833 1135 componendorum
866 1094 943 1136 per
964 1082 1173 1136 ambages
1204 1082 1272 1124 vel
1305 1081 1550 1125 circuitione
1582 1081 1769 1138 quadam
1802 1079 1965 1123 aucturi
1996 1079 2243 1132 videbimur,
2277 1079 2386 1122 hunc
2417 1090 2624 1122 summum

217 1153 348 1196 nostri
381 1152 719 1195 commentarioli
750 1152 928 1194 fructum
960 1153 1174 1196 ducemus.

431 1236 580 1287 Quae
613 1240 756 1278 autem
790 1236 992 1278 Varronis
1016 1236 1174 1293 scripta
1205 1237 1248 1278 in
1268 1250 1389 1280 usum
1411 1236 1630 1280 vocaverit
1655 1235 1913 1293 Propertius,
1946 1234 2092 1279 inutile
2106 1238 2149 1279 et
2169 1234 2224 1279 ab
2249 1248 2295 1278 re
2319 1239 2383 1279 est
2403 1247 2623 1291 quaerere.

220 1309 486 1361 Quamquam
527 1307 595 1360 (cf.
628 1308 929 1362 Heydenreich
962 1309 989 1350 l.
1022 1309 1046 1349 1.
1078 1322 1118 1363 p.
1154 1311 1254 1364 129)
1298 1310 1509 1352 Tuerkius
1552 1310 1596 1351 in
1627 1308 1712 1351 fine
1745 1308 2045 1364 disputationis
2078 1321 2173 1350 eum
2204 1307 2347 1350 adisse
2379 1306 2432 1349 de
2455 1306 2625 1361 Lingua

219 1378 390 1433 Latina,
424 1378 478 1422 de
511 1378 610 1421 Vita
641 1378 789 1434 populi
821 1379 1015 1434 Romani,
1049 1379 1103 1422 de
1135 1380 1468 1435 Antiquitatibus
1499 1381 1632 1424 libros
1665 1386 1707 1423 et
1738 1380 1864 1423 Aetia
1896 1379 2098 1422 Varronis
2119 1378 2311 1422 affirmat.
2362 1378 2486 1429 Quod
2509 1377 2625 1420 haud

220 1450 308 1494 scio
342 1463 397 1492 an
429 1450 579 1493 merito
612 1464 697 1493 non
729 1450 890 1505 possit,
933 1456 976 1492 et
1007 1464 1100 1493 cum
1131 1457 1382 1506 argumenta
1412 1452 1535 1494 huius
1567 1452 1628 1495 rei
1661 1451 1893 1494 afferantur
1923 1450 2053 1504 nulla,
2085 1450 2416 1504 ,Antiquitatum‘
2460 1463 2626 1505 promp-

222 1521 359 1564 tuario
396 1525 636 1564 contentum
663 1520 929 1576 Propertium
962 1520 1093 1564 fuisse
1128 1522 1279 1565 eodem
1311 1524 1400 1566 iure
1431 1523 1533 1578 poni
1564 1527 1719 1578 potest,
1752 1537 1845 1565 cum
1867 1523 1910 1564 in
1932 1527 2054 1564 vasto
2075 1522 2147 1564 illo
2172 1535 2314 1578 opere,
2337 1534 2625 1576 quaecumque

221 1592 278 1635 ad
327 1592 518 1636 instituta
550 1592 723 1648 publica
767 1606 946 1636 sacrave
990 1593 1275 1649 pertinebant,
1320 1609 1413 1638 cum
1456 1595 1692 1650 pulvisculo
1740 1594 1951 1638 exhausta
1993 1593 2125 1637 fuisse
2174 1594 2366 1637 sciamus.
2437 1599 2500 1635 An
2540 1606 2626 1636 non

223 1663 485 1719 ,Causarum‘
519 1663 714 1708 conditor
745 1670 915 1720 poterat
946 1665 1219 1720 acquiescere
1251 1666 1295 1709 in
1327 1667 1491 1718 ‚Aetiis‘
1524 1667 1763 1711 Varronis?

436 1747 560 1799 Quod
592 1748 745 1792 attinet
776 1748 834 1792 ad
876 1748 1117 1803 Vergilii
1157 1749 1479 1805 Tibullique
1520 1752 1815 1794 auctoritatem
1848 1765 1874 1793 a
1906 1750 2093 1792 Tuerkio
2131 1750 2399 1804 advocatam,
2438 1749 2627 1791 nonnihil

223 1819 410 1861 valuisse
443 1819 501 1861 ad
528 1819 811 1875 aetiologicas
834 1833 1000 1875 quoque
1028 1820 1238 1877 Propertii
1265 1821 1429 1878 elegias
1452 1822 1615 1865 illorum
1636 1822 1840 1876 carmina,
1874 1822 1914 1864 in
1948 1822 2191 1876 Augusteac
2223 1820 2377 1864 aetatis
2408 1826 2630 1876 poetarum

224 1896 291 1934 sat
321 1896 422 1934 nota
456 1892 663 1935 societate
704 1906 781 1948 per
813 1906 860 1936 se
892 1895 1120 1951 apparet2).
1182 1895 1381 1938 Attamen
1413 1895 1494 1937 hoc
1525 1895 1568 1937 in
1600 1894 1841 1937 universum
1873 1894 1933 1935 ita
1965 1892 2257 1947 accipiendum
2289 1898 2366 1947 est,
2398 1898 2444 1934 ut
2475 1893 2630 1934 similia

224 1967 352 2017 atque
385 1963 446 2005 illi
478 1967 669 2007 tractans
702 1969 955 2019 argumenta
988 1964 1144 2008 Sextus
1175 1965 1421 2009 recordatus
1453 1979 1549 2009 esse
1578 1965 1773 2009 videatur
1805 1966 1968 2008 illorum
1991 1964 2192 2019 carmina,
2224 1978 2352 2019 quare
2388 1964 2501 2006 haud
2533 1978 2629 2006 raro

224 2034 549 2078 elocutionis
602 2035 834 2078 similitudo
895 2035 1108 2090 exstititss).
1196 2037 1285 2080 Sed
1322 2037 1363 2080 in
1408 2037 1512 2092 ipsis
1556 2037 1882 2092 argumentis
1921 2037 2049 2080 etiam
2098 2036 2324 2091 Vergilium
2375 2036 2629 2090 aliquotiens

224 2106 474 2148 arcessitum
507 2120 603 2149 esse
637 2107 692 2149 ab
726 2121 776 2149 eo
810 2107 1021 2150 Tuerkius
1052 2108 1287 2152 luculenter
1318 2108 1454 2153 evicit.

435 2191 612 2233 Praeter
644 2192 878 2234 Varronem
925 2195 966 2234 et
1010 2191 1088 2234 hos
1131 2191 1238 2235 duos
1275 2197 1427 2249 poetas
1458 2192 1660 2237 Liv1um
1691 2192 1902 2237 Tuerkius
1935 2191 2152 2248 Propertio
2195 2195 2409 2235 auctorem
2451 2190 2630 2234 iniunxit

225 2274 277 2303 ac
300 2262 478 2316 primum
498 2263 649 2306 librum
672 2263 859 2319 saepius,
882 2263 1015 2306 semel
1035 2268 1228 2318 quartum
1244 2264 1432 2307 historici
1450 2260 1696 2321 usurpatum
1718 2278 1814 2309 esse
1836 2279 1862 2308 a
1884 2265 2013 2308 Sexto
2038 2264 2326 2307 demonstrare
2350 2269 2528 2307 conatus
2550 2270 2628 2307 est.

436 2347 636 2389 Attamen
668 2360 819 2390 vereor
849 2360 903 2389 ne
936 2347 979 2389 in
1012 2347 1396 2402 argumentationis
1435 2362 1593 2404 genere
1632 2347 1878 2392 adhibendo
1918 2361 2065 2404 parum
2102 2346 2204 2391 felix
2240 2346 2365 2391 fuerit
2402 2352 2544 2402 atque,
2585 2351 2632 2390 ut

224 2415 413 2458 historici
453 2418 708 2460 auctoritate
746 2418 975 2460 liberemus
1015 2425 1189 2474 poetam
1228 2424 1270 2462 et
1306 2418 1487 2463 infracto
1526 2424 1698 2464 auctore
1739 2419 1863 2463 Livio
1897 2419 2214 2462 corroboremus
2254 2418 2499 2474 Varronem,
2538 2416 2630 2462 sore

231 2490 275 2527 ut
307 2487 430 2530 nobis
463 2489 684 2543 contingat
715 2503 853 2544 spero.

435 2571 586 2625 Itaque
619 2586 965 2627 percenseamus,
999 2574 1134 2629 sultis,
1167 2574 1241 2616 illa
1274 2575 1464 2617 carmina
1496 2575 1716 2618 dumtaxat
1749 2587 1881 2629 usque
1914 2588 1979 2629 e0,
2011 2578 2055 2616 ut
2086 2573 2193 2616 hunc
2225 2573 2261 2616 si
2293 2573 2395 2628 quid
2427 2574 2633 2618 sentimus

226 2652 411 2683 errorem
455 2642 536 2684 viri
581 2643 697 2686 docti
738 2643 901 2686 nudare
944 2644 1170 2700 possimus,
1216 2651 1437 2689 servantes
1479 2659 1604 2700 quem
1642 2646 1885 2689 dissenatio
1926 2644 2169 2688 Tuerkiana
2209 2645 2398 2699 sequitur
2438 2645 2633 2690 ordinem

435 2842 462 2887 ¹)
500 2845 603 2889 Apud
635 2844 706 2881 Cio.
746 2845 845 2881 Brut.
880 2848 936 2882 60.
984 2845 1096 2880 Varro
1132 2847 1228 2882 audit
1270 2847 1569 2893 ,diligentissimus
1613 2848 1840 2892 investigator
1876 2847 2118 2891 antiquitatis‘3
2162 2847 2209 2881 cf.
2244 2848 2352 2882 Acad.
2385 2847 2480 2883 Post.
2520 2848 2556 2893 (l.
2584 2848 2633 2893 1.),

227 2900 372 2944 Quintil.
400 2901 485 2947 XII,
516 2907 569 2948 11,
597 2906 658 2941 24:
686 2904 810 2949 ,Quam
837 2905 958 2949 multa,
986 2916 1098 2950 paene
1124 2907 1251 2950 omnia,
1285 2908 1426 2943 tradidit
1451 2908 1592 2944 Varro!t
1631 2907 1686 2943 all.
1729 2907 1782 2943 Cf.
1802 2907 1906 2942 Orelli
1934 2912 1968 2941 et
1986 2907 2114 2949 Baiter,
2141 2906 2321 2942 Onomast.
2348 2908 2435 2943 Tull.
2464 2911 2533 2944 575
2557 2920 2633 2953 sqq.

434 2973 462 3018 ¹)
502 2974 557 3010 De
595 2976 661 3012 hae
700 2978 947 3012 communione
980 2977 1025 3013 cf.
1052 2978 1206 3013 maxime
1232 2980 1275 3014 A.
1326 2979 1497 3025 Zingerle,
1537 2979 1625 3015 Ovid
1662 2980 1731 3015 und
1769 2980 1844 3014 sein
1870 2978 2073 3013 Verhaltnis
2111 2989 2155 3012 zu
2190 2979 2261 3013 den
2294 2980 2525 3025 Vorgangern
2563 2982 2635 3015 und

223 3029 494 3077 gleichzeitigen
519 3036 720 3070 romischen
745 3036 928 3070 Dichtern.
979 3035 1118 3072 Innsbr.
1148 3041 1344 3074 1869—71.

436 3103 465 3149 ⁸)
501 3105 541 3141 B.
567 3105 733 3150 Kuttner,
759 3107 814 3142 De
839 3108 1015 3151 Propertii
1043 3108 1239 3144 elocutione
1264 3112 1497 3154 quaestiones,
1529 3111 1607 3144 Hal.
1638 3113 1738 3152 1878,
1764 3120 1797 3153 p.
1825 3112 1879 3143 72.
1930 3109 2065 3143 Verum
2091 3110 2134 3143 de
2160 3109 2330 3144 Tibullo
2356 3111 2402 3146 cf.
2430 3111 2487 3145 W.
2515 3111 2634 3147 Olsen.

225 3160 551 3199 Commentationes
575 3165 737 3212 philolog.
774 3167 810 3201 in
836 3166 1004 3202 honorem
1037 3167 1185 3202 sodalitii
1211 3169 1328 3212 philol.
1362 3168 1614 3213 Grsssphiswald.
1649 3171 1749 3209 1887,
1781 3168 1838 3211 qui
1871 3169 2022 3202 ordine
2054 3170 2280 3203 immutato
2306 3170 2480 3213 Sulpiciae
2506 3171 2635 3215 elegias

228 3230 247 3253 e
279 3219 591 3265 Propertianorum
630 3225 826 3260 carminum
865 3224 1060 3261 elocutione
1098 3227 1275 3271 profectas
1313 3238 1391 3263 esse
1428 3227 1604 3272 probabile
1641 3227 1726 3262 fecit
1764 3231 1798 3261 et
1825 3238 1856 3271 p.
1884 3229 1928 3263 28
1954 3239 2005 3271 sq.
2044 3239 2151 3263 unam
2187 3242 2206 3262 o
2236 3230 2365 3263 nostris
2398 3230 2483 3273 ipsis
2517 3230 2639 3275 elegiis

222 3278 285 3313 (ΙΙ.
311 3279 366 3314 De
386 3277 603 3330 “Ver-tumno)
629 3283 732 3319 huius
762 3286 813 3320 rei
838 3285 1077 3320 testimonium
1105 3286 1229 3322 attulit.

2376 3350 2397 3385 2
