2895 3832
1452 197 1510 237 20

266 339 320 384 ὡς
360 336 538 394 δ’ἔτεροι,
572 337 664 385 Διός
696 338 796 382 ἐστιν
827 339 852 392 ἡ
891 339 1145 394 προσωνυμία
1187 339 1575 395 κεραυνοβολοῦντος.
1645 335 1701 378 Τὸ
1729 338 1804 391 γὰρ
1831 338 1982 379 τύπτειν
2010 339 2175 392 φερῖρε
2204 337 2239 377 οἱ
2266 335 2464 389 Ῥωμαῖοι
2491 336 2688 375 καλοῦσιν.

264 406 405 450 ’Άλλοι
438 409 482 451 δὲ
512 409 639 465 παρὰ
670 410 751 465 τὴν
783 411 862 451 τοῦ
893 408 1131 464 πολεμίου
1163 409 1346 465 πληγὴν
1384 408 1584 463 γεγονέναι
1621 407 1795 464 τοῦνομα
1827 409 1997 463 λέγουσι·
2030 408 2095 449 καὶ
2126 407 2200 462 γὰρ
2231 409 2297 447 νῦν
2328 407 2369 447 ἐν
2400 407 2482 450 ταῖς
2523 406 2688 460 μάχαις,

263 478 356 521 ὅταν
389 480 562 523 διώκωσι
603 480 692 526 τοὺς
729 479 953 535 πολεμίους,
994 479 1138 522 πυκνὸν
1178 480 1222 522 τὸ
1256 479 1388 536 φέρι,
1431 480 1601 522 τουτέστι
1631 483 1736 530 παῖε,
1768 484 2039 535 παρεγγυῶσιν
2071 477 2281 532 ἀλλήλοιςῖ
2348 475 2409 519 Cf.
2443 476 2574 518 etiam
2605 475 2688 517 Vit-

264 549 433 593 Romuli
474 553 548 593 16:
589 548 661 600 ,Τὸ
703 550 748 592 δὲ
777 549 961 606 τρόπαιον
994 550 1187 606 ἀνάθημα
1219 550 1430 608 Φερετρίου
1463 550 1554 597 Διὸς
1584 551 1865 606 ἐπωνομάσθη.
1938 548 1994 592 Τὸ
2027 550 2101 605 γὰρ
2127 550 2267 605 πλῆξαι
2298 550 2465 605 φερῖρε
2494 545 2691 602 Ῥωμαῖοι

263 622 448 663 καλοῦσιν
480 651 491 662 .
525 651 536 662 .
568 651 579 662 .
613 650 623 661 .
685 618 840 667 Κόσσος
893 621 962 676 μὲν
1014 619 1081 662 οὖν
1134 623 1200 663 καὶ
1253 620 1485 677 Μάρκελλος
1536 622 1613 676 ἤδη
1657 622 1877 676 τεθρίπποις
1927 621 2155 675 εἰσήλαυνον
2211 619 2321 661 αὐτοὶ
2374 618 2429 660 τὰ
2483 616 2689 673 τρόπαια

265 691 496 748 φέροντες
517 722 528 733 .
555 722 566 733 .
590 722 600 733 .
625 722 635 733 .
676 689 757 734 Τοῦ
790 691 834 734 δὲ
864 689 1080 747 Ῥωμύλου
1112 692 1180 738 τὰς
1212 691 1364 738 εἰκόνας
1396 692 1488 746 ὁρᾶν
1520 691 1619 733 ἐστιν
1652 692 1691 732 ἐν
1722 689 1865 745 Ῥώμῃ
1895 691 1963 736 τὰς
1998 691 2308 745 τροπαιοφόρους
2348 690 2468 735 πεζὰς
2507 688 2691 730 ἁπάσαςέ

263 762 401 817 Atque
434 773 528 804 cum
560 760 832 805 Plutarchum
861 773 939 817 per
971 761 1122 806 Iubam
1158 760 1443 807 revocandum
1472 774 1569 806 esse
1596 760 1681 805 iam
1708 760 1833 805 nobis
1858 760 2197 816 persuaserimus
2229 759 2289 804 ad
2313 759 2446 804 libros
2473 755 2688 812 Varronis,

263 832 381 875 cuius
443 844 597 875 nomen
655 832 738 876 hoc
790 832 885 888 ipso
941 833 1083 889 capite
1130 833 1253 877 Vitae
1307 833 1474 877 Romuli
1518 833 1727 887 citatur,
1779 832 1907 876 etiam
1959 831 2224 887 Propertium
2265 829 2543 886 veriloquium
2585 827 2690 871 illud

261 902 549 959 proferentem
610 902 802 958 pendere
855 916 878 947 ε
931 904 1124 948 Varrone
1177 917 1228 949 eo
1281 903 1447 949 facilius
1501 903 1698 949 concludi
1756 906 1913 960 potest,
1954 902 2070 958 quod
2113 902 2289 947 alterius
2339 899 2548 958 Propertii
2588 903 2691 944 tem-

261 987 410 1029 porum
466 974 689 1028 philologi,
739 975 876 1017 Verrii
922 975 1082 1027 Flacci,
1146 975 1201 1018 de
1247 975 1329 1018 hoc
1372 976 1543 1017 nomine
1596 975 1840 1030 opinionem
1888 974 2103 1017 diversam
2149 972 2283 1017 fuisse
2329 972 2516 1029 aliquam
2561 970 2693 1013 habet

260 1044 349 1088 veri
391 1043 599 1100 speciem3
656 1043 709 1088 cf.
753 1045 866 1088 Fest.
907 1060 949 1100 p.
985 1047 1042 1088 92
1076 1046 1135 1087 M:
1183 1047 1409 1100 ,Feretrius
1453 1048 1644 1101 Iuppiter
1687 1047 1825 1088 dictus
1869 1060 1897 1087 a
1940 1045 2132 1100 ferendo,
2178 1045 2293 1099 quod
2337 1057 2513 1100 pacem
2556 1043 2691 1085 ferre

260 1119 503 1171 putaretur;
555 1128 609 1159 cx
656 1115 776 1159 cuius
819 1116 980 1171 templo
1020 1117 1244 1159 sumebant
1285 1122 1511 1171 sceptrum,
1556 1132 1634 1171 per
1675 1117 1789 1171 quod
1830 1118 2028 1169 iurarent,
2075 1120 2118 1157 et
2154 1116 2345 1171 lapidem
2386 1115 2563 1168 silicem,
2607 1126 2690 1168 quo

259 1185 445 1230 foedus
485 1185 735 1229 ferirent.'
799 1185 1055 1230 Addendum
1088 1191 1165 1241 est,
1210 1186 1324 1241 quod
1355 1186 1494 1241 Livio,
1538 1189 1656 1231 cuius
1695 1188 1948 1230 auctoritate
1991 1201 2045 1229 ne
2086 1186 2130 1228 in
2171 1186 2254 1228 hoc
2295 1185 2465 1240 quidem
2504 1183 2691 1226 carmine

260 1257 371 1300 liber
402 1256 648 1312 Propertius
680 1256 870 1301 Tuerkio
908 1256 1088 1311 videtur,
1133 1257 1350 1299 alteram
1389 1258 1680 1301 tantummodo
1720 1257 1926 1312 originem
1969 1257 2168 1299 vocabuli
2207 1258 2262 1299 ob
2296 1256 2443 1298 oculos
2475 1259 2690 1297 versatam

261 1340 358 1371 esse
404 1331 535 1382 patet.
598 1326 661 1371 Cf.
698 1327 729 1382 1,
763 1328 881 1382 10,6:
928 1327 1091 1383 ,Spolia
1133 1327 1254 1370 ducis
1296 1327 1478 1371 hostium
1519 1329 1636 1372 caesi
1675 1342 1886 1384 suspensa
1923 1327 2134 1371 fabricato
2167 1327 2225 1369 ad
2263 1327 2308 1369 id
2349 1331 2450 1382 apte
2492 1325 2689 1368 ferculo

262 1410 418 1453 gerens
458 1397 502 1440 in
545 1397 803 1453 Capitolium
844 1397 1049 1441 escendit‘
1093 1403 1136 1440 et
1174 1399 1304 1453 paulo
1349 1398 1461 1442 infra
1501 1401 1634 1443 verba
1673 1399 1913 1443 dedicantis
1955 1398 2142 1441 Romuli:
2189 1398 2406 1453 ,Romulus
2449 1410 2525 1439 rex
2568 1395 2690 1449 regia

261 1481 384 1511 arma
414 1468 553 1523 fero,
586 1468 872 1524 templumque
905 1468 971 1511 his
1004 1469 1265 1524 regionibus,
1308 1483 1416 1524 quas
1457 1470 1586 1513 modo
1629 1470 1771 1513 animo
1804 1474 1988 1512 metatus
2020 1482 2127 1523 sum,
2166 1468 2321 1511 dedico
2354 1467 2501 1510 sedem
2534 1465 2689 1521 opimis

261 1539 425 1593 spoliis,
459 1552 571 1592 quae
603 1538 778 1593 regibus
810 1538 1074 1593 ducibusque
1107 1539 1292 1582 hostium
1324 1541 1465 1584 caesis
1497 1554 1565 1584 me
1597 1545 1814 1585 auctorem
1847 1544 2074 1595 sequentes
2091 1539 2251 1596 posteri
2283 1538 2476 1581 ferent‘.

478 1621 750 1677 Quamquam
781 1622 910 1677 igitur
941 1622 1221 1677 veriloquium
1254 1623 1593 1679 Propertianum,
1638 1624 1840 1667 Varronis
1881 1624 1997 1667 velut
2038 1622 2248 1667 exhalans
2280 1621 2531 1676 doctrinam,
2571 1618 2688 1675 apud

261 1692 431 1735 Livium
477 1706 538 1735 ex
584 1697 732 1749 parte
764 1697 929 1736 tantum
976 1693 1169 1749 occurrit,
1229 1698 1373 1738 tamen
1406 1694 1448 1737 in
1482 1695 1648 1739 decimo
1694 1709 1862 1752 quoque
1906 1695 2094 1740 carmine
2138 1698 2311 1751 poetam
2353 1691 2555 1737 historico
2587 1689 2688 1734 huic

263 1764 494 1807 obnoxium
536 1770 689 1820 putare
730 1765 962 1808 Tuerkium
1003 1765 1130 1808 modo
1170 1765 1366 1808 diximus.
1429 1767 1534 1809 Cum
1578 1768 1690 1810 Livii
1733 1767 1877 1810 verbis
1922 1771 2112 1810 extremo
2157 1766 2253 1809 loco
2298 1779 2325 1808 a
2368 1764 2493 1807 nobis
2537 1762 2681 1807 allatis

263 1841 487 1891 comparat
517 1848 666 1879 versus
699 1839 725 1878 5
753 1848 832 1891 sq.:

834 1914 1009 1968 ,Imbuis
1043 1915 1281 1969 exemplum
1313 1916 1477 1970 primae
1509 1920 1566 1970 tu,
1600 1916 1790 1970 Romule,
1824 1915 1994 1971 palmae

834 1984 984 2038 Huius,
1017 1990 1060 2027 et
1091 1986 1243 2027 exuvio
1276 1986 1428 2039 plenus
1461 1987 1517 2028 ab
1550 1987 1671 2028 hoste
1703 1986 1844 2028 redis‘.

263 2060 433 2115 Laudo,
475 2060 590 2115 quod
623 2065 747 2104 caute
781 2061 904 2104 addit
935 2061 998 2103 vir
1031 2062 1201 2105 doctus:
1245 2063 1423 2117 ,Tamen
1470 2076 1555 2105 non
1588 2062 1771 2105 audeam
1804 2067 1991 2105 statuere
2024 2062 2245 2118 Propertio
2278 2061 2395 2104 illam
2427 2060 2682 2104 sententiam

265 2146 320 2175 ex
351 2131 476 2174 Livio
510 2130 792 2175 hauriendam
814 2131 961 2188 fuisse,
995 2146 1088 2175 cum
1122 2147 1175 2176 ea
1207 2134 1248 2176 in
1280 2134 1378 2189 ipsa
1409 2148 1456 2177 re
1487 2134 1631 2189 posita
1663 2134 1741 2176 sit.‘
1786 2133 1899 2185 Quid
1924 2147 2025 2176 vero
2058 2132 2344 2176 similitudinis
2377 2132 2432 2175 sit
2463 2132 2505 2174 in
2536 2143 2682 2186 pugna

264 2202 433 2246 Romuli
466 2208 509 2245 et
540 2203 737 2246 Acrontis
770 2204 826 2247 ab
845 2209 1022 2258 utroque
1050 2204 1266 2260 descripta
1296 2208 1353 2257 (v.
1376 2204 1532 2248 Tuerk.
1565 2218 1605 2260 p.
1633 2206 1720 2260 44),
1754 2204 1950 2259 equidem
1982 2218 2067 2247 non
2100 2204 2310 2259 expiscor.
2365 2202 2491 2258 Apud
2512 2201 2683 2245 Livium

264 2273 319 2316 de
362 2274 618 2329 singulari
660 2275 824 2330 proelio
856 2275 973 2317 nullo
1006 2280 1135 2330 pacto
1178 2275 1358 2330 cogitari
1391 2281 1547 2331 potest,
1592 2280 1762 2331 poetam
1795 2280 1937 2319 autem
1970 2280 2186 2318 certamen
2217 2274 2434 2329 singulare
2465 2273 2508 2316 in
2539 2272 2682 2316 animo

260 2344 478 2399 habuisse,
527 2358 785 2399 quamquam
825 2345 997 2388 disertis
1038 2346 1311 2400 expressisve
1355 2346 1498 2389 verbis
1543 2346 1684 2401 palam
1743 2360 1825 2388 non
1881 2346 1941 2400 fit,
2006 2351 2149 2389 tamen
2195 2358 2249 2389 ex
2298 2349 2389 2388 tota
2426 2343 2683 2387 narrationis

259 2414 404 2458 indole
455 2415 648 2457 valemus
682 2415 886 2470 colligere
917 2420 970 2467 (v.
1002 2416 1187 2458 maxime
1221 2432 1256 2459 v.
1294 2419 1374 2469 11).

475 2500 564 2541 Sed
602 2499 672 2541 fac
712 2504 827 2541 recte
871 2500 1062 2541 iudicare
1106 2501 1339 2542 Tuerkium
1384 2501 1438 2541 de
1477 2501 1557 2542 hoc
1601 2500 1765 2555 proelio
1810 2499 2002 2543 similiter
2046 2513 2072 2542 a
2116 2504 2247 2556 poeta
2291 2503 2334 2542 et
2377 2498 2433 2542 ab
2478 2497 2681 2542 historico

261 2568 494 2624 descripto:
527 2573 627 2613 tune
661 2569 860 2625 equidem
892 2570 1003 2613 Livii
1035 2571 1152 2613 haud
1184 2573 1240 2614 ab
1273 2586 1319 2615 re
1353 2572 1462 2615 duco
1496 2586 1751 2627 componere
1785 2572 2071 2615 narrationem
2103 2585 2198 2614 cum
2229 2570 2509 2627 Dionysii:

259 2653 351 2696 Liv.
393 2653 427 2709 I,
476 2655 552 2695 10:
601 2654 782 2708 ,Nomen
822 2653 1059 2696 Caeninum
1101 2654 1144 2696 in
1176 2668 1327 2708 agrum
1360 2655 1441 2697 Ro·
1478 2656 1480 2667 '

260 2737 432 2767 manum
463 2724 668 2781 impetum
699 2723 817 2769 facit.
891 2724 979 2769 Sed
1023 2724 1191 2769 effuse
1231 2731 1441 2769 vastan-

261 2796 402 2838 tibus
442 2795 505 2837 fit
545 2796 728 2839 obvius
771 2808 879 2839 cum
918 2796 1152 2840 exercitu
1194 2797 1441 2841 Romulus
1477 2817 1479 2857 ξ

1477 2898 1478 2914 τ
1514 2868 1770 2926 φεύγουσιν
1803 2870 1856 2917 εἰς
1887 2870 1955 2926 τὴν
1987 2868 2097 2913 πόλιν
2131 2870 2175 2913 ἐκ
2205 2869 2325 2915 ποδὸς
2357 2867 2590 2925 ἑπόμενος
2611 2900 2648 2910 ..
2672 2900 2682 2910 .

261 2868 431 2923 levique
481 2869 713 2911 certamine
766 2868 896 2911 docet
944 2881 1098 2911 vanam
1143 2868 1236 2912 sine
1281 2868 1441 2913 viribus

260 2940 368 2982 iram
402 2953 510 2982 esse.
572 2940 818 2983 Exercitum
850 2940 987 2982 fundit
1018 2940 1239 2996 fugatque,
1279 2940 1438 2983 fusum

261 3011 610 3066 persequitur,
642 3025 814 3066 regem
846 3011 894 3053 in
927 3011 1129 3066 proelio
1163 3012 1440 3055 obtruncat

262 3087 311 3123 et
338 3082 555 3136 spoliat,
586 3082 694 3124 duce
718 3082 901 3124 hostium
916 3082 1060 3124 occiso
1085 3084 1255 3124 urbem
1279 3083 1438 3138 primo

260 3152 455 3206 impetu
487 3153 654 3206 capit‘.

1516 2654 1639 2698 Dion.
1673 2656 1729 2707 II,
1769 2657 1843 2697 33:
1887 2653 2279 2710 ,ἘΕεστρατευμένων
2318 2654 2361 2695 δὲ
2398 2652 2544 2694 τούτων
2576 2651 2682 2708 (scil.

1514 2729 1589 2767 τῶν
1643 2724 1886 2778 Καινινιτῶν)
1947 2727 2011 2768 καὶ
2070 2725 2356 2781 δῃούντων
2418 2725 2486 2780 τὴν
2540 2724 2683 2780 ὅμορον

1514 2797 1755 2853 ἐξαγαγὼν
1794 2799 1873 2853 τὴν
1913 2796 2111 2854 δύναμιν
2155 2798 2175 2840 ὃ
2207 2795 2454 2853 Ῥωμύλος
2476 2829 2486 2838 .
2512 2829 2521 2838 .
2546 2829 2556 2838 .
2589 2798 2684 2841 τοῖς

1514 2941 1644 2997 αἱρεῖ
1662 2942 1741 2996 τὴν
1762 2941 1897 2983 πόλιν
1921 2942 1966 2989 ἐξ
1987 2941 2166 2998 ἐφόδου
2194 2941 2272 2983 καὶ
2296 2941 2374 2983 τὸν
2401 2939 2683 2997 βασιλέα...

1514 3012 1798 3068 μαχόμενος
1830 3012 2057 3069 αὐτοχειρίᾳ
2102 3012 2279 3055 κτείνει
2330 3012 2407 3054 καὶ
2458 3011 2511 3054 τὰ
2565 3011 2684 3053 ὅπλα

1513 3084 1821 3139 ἀφαιρεῖται.“

478 3247 574 3290 Hae
607 3246 720 3290 duae
753 3246 1066 3303 descriptiones
1099 3246 1199 3302 quin
1232 3245 1372 3290 eidem
1405 3247 1653 3292 reddendae
1687 3247 1770 3291 sint
1808 3248 1984 3304 auctori,
2031 3254 2152 3292 extra
2196 3262 2363 3292 omnem
2408 3245 2685 3290 dubitationis

263 3318 404 3359 aleam
437 3318 622 3373 positum
655 3323 770 3374 puto.
834 3318 984 3360 Denuo
1019 3323 1161 3361 autem
1194 3318 1352 3362 sentire
1384 3318 1484 3361 mihi
1517 3319 1667 3364 videor
1687 3319 1832 3364 nobile
1854 3318 1959 3364 illud
1991 3319 2223 3376 exemplar,
2258 3318 2312 3363 de
2335 3331 2418 3374 quo
2442 3315 2539 3362 vide
2573 3330 2684 3373 quae
