2895 3832
1439 199 1464 239 8

238 340 542 397 Propertianis‘
576 339 955 383 commentationes
986 338 1227 390 (Vi-atislav.
1274 342 1407 385 1880:
1447 340 1585 381 altera
1616 338 1827 394 particula
1853 336 2011 391 publici
2043 336 2145 378 iurIs
2175 335 2293 378 facta
2325 341 2391 378 est
2413 335 2653 391 Glogoviae

244 411 388 467 1886),
424 411 496 466 qui
530 412 783 453 Romanas
818 409 987 451 fabulas
1022 410 1216 452 consulto
1253 424 1280 452 a
1314 410 1400 453 suis
1436 410 1758 464 quaestionibus
1794 408 2034 451 excluserat
2071 412 2128 462 (p.
2167 411 2218 462 1),
2264 407 2438 462 explere
2474 407 2657 450 instituit

236 482 452 527 Tuerkius
492 487 620 538 atque
658 482 701 524 in
739 480 980 524 universum
1018 486 1148 537 reete,
1202 495 1312 536 quae
1351 485 1521 524 exstant
1552 480 1669 536 apud
1701 480 1944 536 scriptores,
1990 493 2167 534 quorum
2206 479 2303 523 libri
2346 483 2570 523 versantur
2611 478 2655 522 in

237 553 564 609 antiquitatibus
586 551 803 607 Romanis,
837 552 1076 607 composuit
1109 566 1201 595 euin
1223 552 1431 608 Propertii
1459 552 1667 595 similibus
1693 551 1799 595 locis
1838 550 2023 605 indeque
2064 553 2352 595 coniecturam
2378 551 2433 595 de
2467 550 2656 595 fontibus

239 625 407 670 illarum
440 625 672 681 elegiarum
705 623 832 679 cepit.

454 695 542 740 Sed
599 708 693 739 cum
750 694 895 738 statim
940 694 982 737 in
1036 694 1180 739 limine
1229 694 1527 752 disputationis
1572 697 1851 750 praemoneat
1887 692 2118 737 Tuerkius:
2175 693 2350 750 ,Magna
2395 693 2551 749 cautio,
2601 706 2656 738 ne

239 767 394 811 nimius
413 767 492 811 sim
512 766 555 808 in
578 764 866 820 disquirendis
888 766 1148 822 auctoribus,
1180 766 1282 809 mihi
1304 765 1552 809 adhibenda
1575 766 1664 820 est’,
1686 778 1740 808 ne
1762 777 1841 808 nos
1863 763 2036 819 quidem
2058 764 2144 807 iam
2166 766 2347 809 eandem
2363 765 2657 820 quaestionem

240 843 427 882 moturos
459 841 502 880 et
533 837 679 891 aliqua
711 835 884 891 quidem
916 850 970 878 ex
1001 841 1124 891 parte
1163 837 1469 892 recognituros,
1513 837 1554 878 in
1599 849 1726 890 quam
1763 834 1970 877 lubricam
2009 834 2257 877 descensuri
2297 836 2427 879 simus
2466 850 2654 886 arenam,

241 910 358 964 fugit.
391 909 503 951 Nam
518 914 561 952 et
574 907 837 964 paucitatem
861 907 1215 962 aetiologieorum
1230 908 1461 951 carminum
1477 906 1807 962 haudquaquam
1822 905 1946 948 nobis
1962 918 2058 948 esse
2073 904 2319 949 adiumento
2334 907 2462 951 modo
2477 907 2659 951 diximus

242 979 489 1035 nequeipse
503 984 649 1035 poeta,
665 992 776 1034 quae
792 992 877 1022 non
899 978 1175 1022 interioris
1197 985 1341 1023 essent
1358 980 1591 1034 doetrinae,
1606 977 1733 1021 facile
1747 976 1971 1033 ignoravit.
2004 975 2126 1027 Quae
2139 989 2232 1020 cum
2255 976 2310 1021 de
2327 991 2416 1022 suo
2439 979 2659 1023 doctrinae

238 1063 351 1106 penu
393 1049 685 1105 desumpsisse
725 1048 941 1105 putandus
983 1049 1050 1105 sit,
1091 1050 1135 1093 in
1177 1050 1243 1094 his
1283 1050 1547 1106 Propertium
1588 1048 1645 1093 ad
1685 1053 1844 1093 certum
1885 1052 2102 1092 auctorem
2134 1048 2332 1103 redigere
2370 1050 2657 1104 gravabimur.

238 1120 465 1165 Difficilior
497 1120 626 1165 etiam
657 1133 728 1164 res
761 1133 812 1165 eo
845 1120 905 1176 fit,
952 1121 1066 1176 quod
1099 1126 1306 1177 poetam
1340 1134 1418 1164 sua
1450 1134 1570 1164 usum
1602 1134 1727 1176 quam
1761 1120 1934 1176 egregie
1977 1132 2125 1162 omnes
2166 1119 2360 1162 novimus
2399 1125 2505 1176 arte,
2549 1134 2660 1176 quae

236 1192 395 1237 tradita
427 1193 662 1244 invenerat,
706 1192 879 1248 saepius
913 1205 1146 1236 exornasse
1185 1198 1259 1236 aut
1299 1198 1487 1236 mutasse
1510 1197 1843 1236 consentaneum
1875 1196 1952 1234 est.
2016 1190 2171 1234 Verum
2204 1191 2420 1234 enimvero
2453 1192 2655 1248 quicquid

238 1263 292 1309 de
323 1264 406 1308 hoe
438 1263 649 1319 statuitur,
682 1263 782 1307 licet
812 1276 897 1305 non
930 1263 1022 1306 sine
1055 1263 1200 1319 aliqua
1231 1263 1305 1305 fiat
1337 1264 1541 1306 audacia:
1576 1263 1923 1319 quandoquidem
1954 1263 2066 1307 haee
2089 1263 2284 1317 quaestio
2313 1262 2474 1305 institui
2503 1269 2660 1320 coepta

238 1341 316 1391 est,
349 1335 433 1390 ipsi
464 1348 633 1390 quoque
667 1335 850 1377 eandem
883 1335 997 1377 viam
1030 1335 1197 1389 ingredi
1230 1336 1344 1377 nullo
1377 1340 1504 1389 paeto
1537 1341 1743 1377 vetamur.

453 1406 688 1449 Videamus
731 1405 870 1461 igitur,
913 1405 1015 1460 quid
1055 1406 1247 1460 posuerit
1288 1406 1499 1448 Tuerkius
1542 1406 1596 1448 de
1638 1406 1882 1448 auctoribus
1924 1405 2058 1448 Sexti.
2131 1406 2194 1448 Ae
2226 1405 2373 1448 scribit
2403 1419 2442 1460 p.
2479 1407 2544 1448 16.
2577 1419 2658 1460 sq.:

238 1478 351 1528 ,Non
383 1477 534 1520 mirum
568 1482 634 1520 est
664 1477 927 1531 Propertium
960 1477 1144 1519 maxime
1178 1476 1235 1519 ad
1267 1480 1542 1519 Varronem
1574 1490 1671 1520 sese
1704 1477 1974 1531 applicasse3
2009 1475 2119 1519 hune
2158 1476 2269 1519 enim
2315 1489 2409 1519 cum
2441 1476 2659 1519 Aetiorum

236 1548 390 1591 librum
431 1548 770 1602 conscripsisset,
815 1561 898 1601 quo
939 1552 1128 1591 veterum
1166 1548 1449 1590 institutorum
1490 1548 1698 1602 originem
1740 1560 1980 1602 causasque
2021 1552 2292 1602 exposuerat,
2332 1546 2448 1603 apud
2490 1552 2659 1590 veteres

238 1619 427 1663 maxima
468 1619 722 1663 auctoritate
761 1632 882 1662 usum
924 1632 1034 1670 esse,
1078 1624 1258 1662 testatur
1299 1619 1448 1662 Cicero
1492 1619 1624 1662 Acad.
1666 1619 1780 1662 Post.
1827 1619 1861 1673 I,
1907 1622 1948 1674 3,
1993 1621 2019 1661 9
2063 1618 2334 1671 (exscribitur
2371 1617 2441 1662 hic
2478 1618 2598 1662 locus
2630 1632 2658 1661 a

237 1691 455 1743 Tuerkio).
537 1691 686 1734 Merito
733 1691 862 1745 igitur
909 1690 1110 1733 Varronis
1163 1690 1322 1745 scripta
1362 1691 1478 1745 apud
1519 1704 1680 1745 omnes,
1739 1691 1810 1746 qui
1852 1690 2093 1745 antiquitati
2139 1691 2361 1734 Romanae
2413 1689 2658 1746 studebant,

237 1762 468 1806 maximam
515 1762 600 1806 vim
638 1762 880 1806 habuerunt
924 1767 966 1806 et
1010 1761 1332 1806 fundamentum
1377 1762 1526 1817 omnis,
1569 1775 1680 1816 quae
1725 1761 1908 1817 pertinet
1949 1761 2008 1806 ad
2049 1776 2117 1806 res
2161 1762 2391 1818 Romanas,
2437 1761 2658 1805 doetrinae

237 1834 426 1889 fuerunt,
470 1833 655 1877 maxime
711 1837 854 1876 autem
896 1832 1125 1888 scriptores
1169 1833 1453 1877 ecclesiastici
1497 1846 1592 1876 eum
1638 1833 1762 1888 quasi
1806 1833 1940 1876 instar
1983 1833 2169 1877 cuiusvis
2225 1833 2430 1877 scientiae
2471 1833 2657 1876 venerati

238 1905 442 1950 Varronis
474 1905 607 1948 libros
639 1904 967 1960 exscripserunt.
1023 1904 1148 1955 Quod
1180 1909 1417 1960 opportune
1449 1904 1608 1948 factum
1640 1909 1727 1961 est;
1760 1918 1859 1948 nam
1893 1918 1987 1949 eum
2019 1905 2223 1949 Varronis
2256 1905 2458 1949 librorum
2489 1905 2657 1960 plurimi

237 1980 382 2020 aetate
414 1975 632 2032 perierint,
674 1975 758 2019 illis
790 1975 911 2031 loeis,
955 1975 1107 2031 quibus
1140 1976 1399 2030 posteriores
1446 1976 1674 2031 scriptores
1716 1989 1810 2019 cum
1851 1977 2071 2032 Propertio
2110 1977 2426 2020 consentientes
2467 1977 2656 2020 Varrone

237 2053 409 2091 auctore
442 2046 507 2090 usi
540 2051 650 2103 sunt,
683 2046 814 2090 etiam
846 2046 1113 2102 Propertium
1145 2061 1171 2090 a
1206 2047 1395 2090 Varrone
1429 2047 1617 2102 pendere
1649 2047 1739 2091 iure
1772 2047 2060 2102 colligendum
2092 2053 2168 2092 est.

454 2118 684 2173 Maioris,
720 2131 866 2173 quam
898 2117 1064 2160 adhuc
1096 2118 1356 2173 cognitum
1390 2108 1487 2174 est,
1520 2119 1767 2174 ponderis
1799 2120 1845 2162 T.
1878 2120 2016 2162 Livii
2047 2120 2110 2162 ab
2143 2121 2265 2162 urbe
2298 2119 2510 2161 condita
2537 2119 2658 2161 libri

239 2191 304 2233 ad
334 2190 544 2232 fabulas
576 2189 923 2231 illustrandas
956 2178 1193 2231 videntur
1230 2190 1414 2246 fuisse,
1455 2205 1550 2232 cum
1586 2191 1698 2233 enim
1729 2191 1894 2246 priores
1925 2191 2020 2232 libri
2051 2191 2135 2246 ipsi
2165 2191 2376 2234 rhetorice
2416 2196 2459 2233 et
2489 2191 2658 2245 poetice

238 2263 433 2306 exornati
460 2262 504 2304 in
531 2262 689 2304 sabulis
717 2262 904 2316 antiquis
933 2266 1165 2316 versentur,
1199 2262 1293 2305 fieri
1324 2277 1409 2305 non
1430 2263 1580 2319 potuit,
1615 2263 1713 2317 quin
1736 2268 1902 2318 poetas,
1936 2269 1981 2305 ut
2015 2277 2091 2306 eas
2131 2263 2324 2306 versibus
2358 2262 2656 2318 exprimerent,

237 2348 322 2376 non
354 2334 492 2376 solum
524 2333 762 2388 incitarent,
795 2332 875 2375 sed
906 2333 1037 2375 etiam
1070 2333 1132 2375 eis
1164 2334 1543 2389 locupletissimam
1575 2335 1743 2389 copiam
1776 2335 1987 2378 offerrent.

452 2405 503 2446 Id
536 2418 642 2447 sane
674 2418 758 2446 non
790 2404 1029 2447 mirandum
1062 2412 1140 2459 est,
1182 2405 1445 2459 Propertium
1478 2406 1730 2461 saepissime
1776 2420 1851 2449 eos
1883 2412 2036 2461 poetas
2081 2405 2288 2448 imitatum
2326 2419 2436 2455 esse,
2482 2419 2659 2459 quorum

238 2476 493 2532 exemplum,
525 2480 570 2518 ut
600 2475 768 2531 patriae
801 2474 981 2519 serviret
1013 2476 1264 2531 antiquitate
1299 2476 1606 2533 praedicanda,
1647 2477 1703 2520 ad
1741 2491 1836 2521 eum
1868 2477 2123 2533 pertinuisse
2153 2490 2404 2533 persuasum
2436 2475 2658 2531 habemus,

239 2547 549 2603 Vergilium
582 2551 626 2590 et
656 2547 958 2590 Tibullum.

453 2618 617 2670 Quibus
650 2618 846 2661 omnibus
879 2623 1081 2673 quantum
1115 2619 1274 2661 debeat
1304 2619 1561 2674 Propertius’
1595 2632 1629 2663 e.
1645 2633 1686 2674 q.
1703 2633 1736 2666 s,

454 2688 837 2732 Varronianae
869 2689 1076 2744 imprimis
1109 2689 1329 2733 doctrinae
1361 2690 1544 2745 vestigia
1576 2691 1677 2746 quin
1708 2690 1919 2747 impressa
1949 2690 2090 2735 ferant
2120 2690 2331 2747 Propertii
2354 2689 2536 2745 elegiae,
2571 2703 2658 2733 non

240 2761 326 2804 iam
357 2760 519 2815 ambigi
550 2773 681 2815 posse
714 2760 869 2815 ered03
908 2761 989 2803 etsi
1021 2761 1234 2804 Tuerkius
1266 2774 1567 2816 nonnunquam
1599 2762 1808 2805 audacius
1850 2762 1959 2805 iusto
1991 2776 2081 2806 rem
2112 2762 2214 2817 egit,
2256 2761 2302 2804 id
2339 2761 2453 2816 quod
2500 2761 2659 2816 optimo

239 2831 330 2875 iure
363 2831 414 2875 G.
447 2831 701 2875 Knaackius
732 2831 774 2883 (l.
807 2831 834 2874 l.
867 2844 909 2887 p.
943 2832 1049 2887 402)
1079 2836 1236 2887 monet,
1270 2832 1339 2886 qui
1373 2833 1512 2888 pergit
1543 2834 1685 2877 verbis
1717 2833 1853 2876 hisce:
1889 2832 2171 2889 „Gesicherte
2192 2832 2455 2888 Ergebnisse
2486 2832 2659 2875 werden

240 2907 328 2948 erst
359 2902 430 2946 bei
462 2902 580 2946 einer
610 2902 845 2946 kritischeu
867 2903 1157 2959 Bearbeitung
1179 2903 1257 2946 der
1289 2907 1541 2959 Fragmente
1571 2905 1728 2948 Varros
1759 2904 2140 2961 herauskommen3
2173 2904 2293 2947 diese
2326 2903 2474 2947 Arbeit
2509 2929 2560 2934 —
2587 2916 2661 2946 zur

239 2974 442 3018 Scbande
475 2974 553 3018 der
583 2974 786 3030 beutigen
817 2974 1056 3029 Philologie
1089 2975 1188 3019 sei's
1221 2981 1376 3030 gesagt
1409 3002 1462 3007 —-
1496 2976 1608 3020 steht
1640 2977 1750 3019 noch
1782 2990 1874 3019 aus.
1937 2978 2056 3020 Aber
2087 2976 2157 3020 die
2199 2976 2461 3030 Vermutung
2491 2974 2659 3018 Tuerks

240 3045 348 3088 wird
378 3045 497 3089 nicht
528 3046 800 3088 abzuweisen
831 3046 939 3101 sein,
973 3047 1076 3089 dass
1109 3046 1187 3089 auf
1215 3046 1299 3089 den
1331 3047 1636 3101 Sammlungen
1669 3047 1746 3090 des
1778 3048 2000 3101 gelehrten
2032 3048 2272 3091 romischen
2304 3047 2549 3101 Antiquars,
2582 3047 2661 3089 der

240 3118 284 3159 in
315 3117 466 3160 seinen
496 3117 639 3159 Aitien
679 3118 762 3160 den
808 3118 1102 3161 Kallimachos
1134 3118 1353 3161 mehrfach
1384 3120 1557 3162 benutzt
1593 3119 1736 3162 haben
1776 3120 1885 3162 wird
1916 3120 2052 3170 (Serv.
2088 3134 2139 3162 zu
2172 3120 2296 3173 Verg.
2334 3120 2440 3161 Aen.
2474 3119 2506 3172 1,
2540 3119 2659 3174 408),

242 3188 313 3231 die
345 3187 587 3231 romischen
608 3188 786 3239 Elegien
826 3188 902 3232 des
936 3189 1221 3243 ,umbrisehen
1253 3189 1559 3233 Kallimachos‘
1599 3190 1865 3243 ber11hen1).“
1934 3190 2130 3233 Profecto
2169 3190 2301 3232 multa
2334 3195 2504 3232 exstare
2543 3189 2660 3243 apud

457 3345 482 3385 ¹)
522 3344 567 3376 cf.
597 3343 702 3375 utiam
730 3342 854 3375 Cam-r.
900 3343 920 3377 Ι.
949 3344 968 3377 l.
998 3355 1028 3385 Ι).
1063 3346 1149 3376 1580
1176 3356 1225 3384 sq.
1255 3346 1288 3374 vt
1319 3343 1576 3384 111³)'·.l‹·1n·‹·i‹:ll.
1616 3344 1635 3375 l.
1665 3344 1683 3376 l.
1714 3355 1743 3385 1».
1776 3346 1851 3377 129.
