2895 3832
1450 205 1504 246 12

470 345 660 389 Livius
693 344 748 389 de
779 345 862 388 hoc
892 345 1033 388 Tusco
1067 344 1174 388 duce
1207 344 1266 387 nil
1298 345 1529 389 memoriae
1568 344 1756 401 prodidit
1794 345 1866 402 (de
1899 346 2135 390 Luceribus
2166 346 2299 390 habet
2330 348 2364 402 I,
2401 350 2469 403 13,
2500 351 2550 393 8:
2583 348 2679 404 ,Lu-

258 431 401 462 cerum
432 416 617 461 nominis
650 421 693 460 et
724 415 901 471 originis
933 428 1067 460 causa
1098 416 1263 460 incerta
1296 417 1392 472 est’;
1438 417 1491 460 cf.
1525 417 1643 460 Serv.
1676 417 1701 460 l.
1734 417 1793 474 l.)‚
1835 417 2011 473 eiusque
2056 419 2111 461 de
2155 418 2277 461 vico
2322 418 2494 462 Tusco
2538 420 2680 463 existi·

258 489 392 532 matio
425 502 453 531 a
483 487 688 531 Varronis
734 490 776 529 et
812 486 1023 541 Propertii
1067 484 1254 530 immane
1296 492 1498 542 quantum
1540 488 1767 543 discrepat.
1830 488 1944 530 Nam
1986 501 2079 532 cum
2119 489 2163 532 hi
2193 489 2322 545 plane
2367 489 2682 534 consentientes

259 559 550 604 Romuleae
582 556 716 602 aetati
747 556 958 613 originem
987 557 1118 602 Tusci
1161 557 1245 602 vici
1276 558 1511 615 assignent,
1551 558 1696 602 Livius
1738 558 1956 602 conditum
1994 560 2179 604 Tuscum
2210 560 2348 604 vicum
2396 561 2681 605 Porsenae

259 631 521 688 temporibus
553 629 669 687 (ann.
703 629 824 686 506.)
855 628 1019 673 addicit
1030 629 1075 686 l).
1147 628 1211 673 Of.
1245 629 1337 673 Liv.
1371 630 1425 686 11,
1463 633 1529 687 14,
1563 633 1610 674 9;
1653 631 1773 686 ,Pars
1804 630 2042 686 perexigua
2079 631 2189 688 (scil.
2228 632 2528 689 Etruscorum),
2572 631 2679 677 duce

259 704 368 758 (scil.
404 705 575 756 Arunte,
608 701 696 744 filio
729 702 965 757 Porsenae)
1000 702 1175 756 amisso,
1221 702 1322 756 quia
1362 702 1522 745 nullum
1560 703 1733 759 propius
1770 702 2011 758 perfugium
2051 708 2157 760 erat,
2202 705 2380 748 Romam
2411 703 2594 747 inermes
2640 708 2682 747 et

262 776 431 818 fortuna
470 778 513 816 et
550 773 696 828 specie
741 773 981 829 supplicum
1025 773 1158 816 delati
1202 778 1310 815 sunt.
1356 773 1421 815 lbi
1466 774 1652 829 benigne
1696 773 1863 829 excepti
1908 773 2120 828 divisique
2164 775 2207 818 in
2250 775 2451 831 hospitia.
2514 774 2681 818 Curatis

262 847 508 890 vulneribus
539 844 615 887 alii
646 843 830 898 profecti
865 843 1017 887 domos
1049 843 1182 886 nuntii
1215 843 1490 898 hospitalium
1524 845 1838 898 beneficiorum,
1871 845 2026 887 multos
2048 846 2212 889 Romae
2241 846 2453 901 hospitum
2485 845 2683 900 urbisque

265 915 582 962 caritastenuit.
617 914 697 958 His
728 915 848 958 locus
870 914 929 957 ad
949 913 1227 957 habitandum
1259 913 1398 968 datus,
1432 928 1581 968 quem
1613 914 1808 958 deinde
1839 915 2068 957 Tuscum
2094 915 2267 958 vicum
2294 916 2682 971 appellarunt.‘

473 986 626 1029 Talem
658 984 994 1040 discrepantiam
1024 983 1214 1027 nonnihil
1244 984 1389 1027 valere
1422 985 1458 1027 is
1491 985 1712 1041 concedet,
1753 986 1824 1040 qui
1855 985 2087 1028 Tuerkium
2118 986 2303 1030 Liviana
2326 987 2509 1043 vestigia
2548 987 2685 1030 ubivis

263 1060 466 1114 detegere
498 1056 646 1101 conari
676 1055 853 1100 iamiam
883 1055 1059 1100 videbit.
1137 1082 1144 1090 ·

477 1164 706 1206 Livianam
739 1163 1019 1206 eruditionem
1050 1163 1230 1217 primum
1261 1163 1305 1204 in
1337 1162 1479 1217 elegia
1512 1165 1697 1220 quarta,
1732 1177 1816 1219 qua
1849 1164 1902 1207 de
1934 1163 2122 1220 Tarpeia
2154 1164 2246 1220 agit
2275 1170 2418 1221 poeta,
2451 1165 2683 1221 indagasse

264 1237 347 1280 sibi
379 1236 547 1279 videtur
577 1235 804 1278 Tuerkius.
868 1235 1055 1277 Maxima
1088 1238 1231 1277 autem
1264 1248 1317 1276 ex
1348 1239 1471 1289 parte
1504 1234 1573 1277 hic
1606 1248 1775 1290 quoque
1809 1236 2011 1278 Varronis
2043 1235 2234 1278 thesauri
2255 1236 2299 1279 in
2323 1237 2684 1293 comparationem

263 1313 470 1352 vocantur
502 1308 557 1350 ab
592 1320 666 1350 eo:
701 1306 887 1350 ostendit
918 1319 1028 1360 qua-e
1050 1310 1181 1361 poeta
1202 1304 1256 1349 de
1281 1305 1491 1349 Parilibus
1519 1305 1706 1361 explicat
1720 1319 1954 1361 congruere
1982 1319 2077 1349 cum
2107 1307 2323 1364 Varrone,
2357 1308 2685 1365 descriptionem

264 1380 360 1435 loci,
406 1380 479 1423 ubi
519 1379 777 1423 Sabinorum
809 1382 950 1422 castra
987 1378 1131 1433 posita
1163 1383 1299 1433 erant,
1344 1391 1421 1433 per
1464 1377 1735 1420 Plutarchum
1779 1378 1879 1431 (Vit.
1925 1379 2110 1434 Romuli)
2157 1379 2215 1422 ad
2258 1381 2494 1424 Varronem
2537 1379 2683 1436 refert3

266 1452 498 1509 Tarpeiam
531 1451 691 1494 Vestae
723 1449 855 1494 fuisse
888 1449 1171 1503 sacerdotem,
1218 1449 1262 1492 id
1300 1448 1415 1504 quod
1452 1463 1537 1491 non
1583 1463 1730 1492 omnes
1774 1449 1946 1493 tradunt
1990 1450 2233 1507 scriptores,
2279 1451 2409 1496 etiam
2454 1453 2684 1496 Varronem

267 1525 424 1580 quique
458 1538 512 1567 ex
545 1538 597 1567 eo
629 1522 817 1578 pendent
847 1522 1075 1576 protulisse
1109 1522 1236 1564 docet
1268 1522 1331 1563 vir
1364 1521 1527 1563 doctus.

481 1595 549 1639 De
581 1594 663 1638 hoc
695 1592 1013 1637 sacerdotis
1046 1607 1218 1636 munere
1252 1592 1381 1636 etiam
1413 1592 1560 1635 Livius
1592 1592 1834 1636 audiendus
1866 1599 1931 1636 est
1973 1595 2022 1648 (Ι,
2060 1597 2127 1648 11,
2161 1597 2224 1646 6);
2260 1595 2409 1649 ,Huius
2437 1596 2514 1651 (sc.
2539 1596 2680 1651 Spurii

267 1667 444 1724 Tarpei)
473 1666 607 1710 filiam
637 1664 902 1721 virginem
946 1678 1050 1708 auro
1096 1663 1323 1720 corrumpit
1354 1663 1517 1719 Tatius,
1558 1668 1603 1706 ut
1635 1668 1824 1708 armatos
1855 1664 1897 1707 in
1931 1679 2073 1709 arcem
2112 1664 2311 1721 accipiat.
2376 1666 2541 1721 Aquam
2578 1666 2686 1709 forte

269 1754 324 1784 ea
355 1744 443 1783 tum
475 1736 644 1793 sjacris
677 1740 798 1780 extra
829 1735 1000 1780 moenia
1032 1735 1211 1791 petitum
1249 1735 1381 1778 ierat.‘
1445 1734 1533 1778 Sed
1565 1735 1608 1777 in
1641 1748 1692 1778 eo
1721 1735 1869 1791 lapsus
1903 1741 1968 1779 est
1999 1736 2225 1792 Tuerkius,
2271 1737 2386 1791 quod
2423 1738 2685 1793 Propertium

269 1808 703 1868 Liviijnarrationem
735 1808 778 1850 in
809 1821 931 1851 usum
954 1821 1075 1850 suum
1098 1806 1360 1849 convertisse
1384 1807 1530 1849 statuit
1550 1807 2023 1862 hacssargumentatione
2054 1811 2111 1863 (p.
2137 1809 2246 1866 31.):
2270 1809 2421 1865 ,Atque
2444 1809 2686 1865 Tarpeiam,

271 1880 510 1927 sacerdotis
541 1893 714 1923 munere
748 1893 859 1934 quae
891 1878 1104 1934 fungatur,
1138 1892 1327 1934 aquam
1360 1877 1704 1921 haurientem
1735 1883 1865 1933 poeta
1896 1878 2017 1922 facit:

985 1950 1182 2007 ,Tarpeia
1215 1950 1323 1994 deae
1355 1949 1516 1993 fontem
1547 1949 1719 1994 libavit:
1753 1954 1798 1994 at
1828 1949 1891 1993 illi

982 2021 1178 2077 Urgebat
1209 2021 1394 2065 medium
1424 2020 1566 2064 fictilis
1597 2033 1703 2065 urna
1735 2022 1891 2077 caput‘,

270 2106 377 2147 quos
441 2107 590 2136 versus
652 2093 709 2135 ad
759 2093 873 2135 Livii
925 2093 1213 2135 narrationem
1275 2092 1416 2135 redire
1469 2096 1513 2133 ut
1563 2091 1800 2135 existimem
1852 2091 1979 2135 facile
2032 2091 2237 2148 adducor,
2302 2092 2552 2149 praesertim
2597 2106 2689 2136 cum

269 2165 376 2208 iter
407 2164 681 2220 Tarpeiae
713 2164 779 2207 ad
822 2178 1011 2219 aquam
1054 2164 1406 2207 hauriendam
1449 2177 1476 2205 a
1521 2163 1665 2205 nullo
1698 2162 1798 2205 nisi
1842 2177 1869 2206 a
1902 2163 2064 2207 Livio
2112 2169 2161 2207 et
2191 2164 2474 2220 Propertio
2510 2178 2689 2207 comme·

271 2236 478 2279 moretur’.
523 2235 573 2278 Id
599 2235 774 2291 neglegi
800 2240 955 2291 potest,
989 2235 1102 2290 quod
1146 2235 1338 2278 Valerius
1376 2234 1587 2277 Maximus
1610 2234 1686 2289 IX,
1723 2236 1763 2289 6,
1797 2237 1816 2276 1
1846 2234 1994 2278 tradit:
2029 2235 2261 2292 ,Virginem
2297 2248 2478 2291 aquam
2522 2236 2689 2279 sacris

272 2307 494 2364 petitum
528 2312 649 2351 extra
680 2307 853 2350 moenia
885 2321 1107 2363 egressam
1139 2307 1287 2349 Tatius
1322 2338 1331 2347 .
1367 2338 1376 2348 .
1412 2339 1421 2348 .
1456 2306 1670 2361 corrupit.‘
1734 2307 1894 2349 Valerii
1927 2321 2111 2363 namque
2145 2308 2319 2349 Maximi
2353 2307 2565 2362 quomodo
2600 2312 2691 2350 orta

273 2379 328 2423 sit
349 2378 543 2422 doctrina
557 2379 790 2435 quantique
818 2379 1104 2434 aestimanda,
1121 2379 1325 2430 scimus2).
1384 2377 1534 2421 Itidem
1549 2377 1664 2432 quod
1686 2377 1841 2421 Sextus
1864 2379 2060 2422 Aurelius
2089 2379 2234 2422 Victor
2255 2379 2309 2421 de
2332 2378 2433 2421 viris
2446 2378 2593 2421 illustr.
2609 2378 2641 2434 1,
2665 2382 2690 2421 2

274 2451 468 2495 exhibet:
503 2451 747 2507 ,Tarpeiam
770 2451 978 2507 virginem
1001 2450 1130 2506 nacti,
1165 2464 1275 2505 quae
1309 2463 1487 2504 aquae
1520 2463 1680 2493 causa
1712 2463 1986 2493 sacrorum
2017 2450 2349 2494 hauriendae
2382 2449 2691 2506 descenderat‘,

272 2537 359 2567 non
390 2523 511 2582 assis·
533 2522 727 2566 facimus.

485 2594 618 2636 Multo
651 2594 826 2637 maioris
858 2594 1059 2637 momenti
1095 2594 1219 2636 nobis
1252 2592 1419 2635 videtur
1451 2606 1547 2636 esse
1581 2592 1756 2636 Servius
1788 2592 1910 2635 huius
1945 2593 2006 2636 rei
2045 2593 2167 2636 testis
2202 2592 2280 2649 (ad
2301 2593 2408 2635 Aen.
2435 2592 2548 2647 VIII,
2572 2594 2690 2645 348):

276 2664 478 2721 ,Tarpeia
509 2664 638 2708 sedes
670 2664 787 2708 dicta
819 2670 884 2709 est
915 2679 943 2707 a
974 2665 1162 2721 Tarpeia
1195 2663 1373 2720 virgine.
1438 2664 1541 2707 Cum
1574 2663 1687 2707 enim
1718 2664 1922 2708 Romulus
1954 2668 2102 2708 contra
2125 2663 2311 2709 Sabinos
2344 2663 2460 2708 bella
2491 2654 2692 2708 tractaret

276 2743 319 2779 et
349 2737 537 2792 Tarpeio
570 2737 740 2779 cuidam
783 2737 975 2779 dedisset
1006 2750 1150 2779 arcem
1188 2736 1405 2791 tuendam,
1438 2735 1526 2778 filia
1559 2736 1650 2778 eius
1682 2735 1870 2792 Tarpeia
1902 2740 2146 2791 aquatum
2177 2749 2234 2792 pr
2248 2735 2304 2780 os
2309 2741 2435 2780 ecta
2467 2734 2509 2778 in
2547 2735 2692 2780 hostes

277 2809 467 2851 incidit.
501 2840 511 2849 .
545 2842 553 2851 .
600 2809 722 2858 Quae
767 2809 853 2850 illic
904 2809 1073 2861 sepulta
1126 2807 1340 2861 Tarpeiae
1393 2807 1486 2848 sedi
1552 2820 1707 2847 nomen
1757 2807 1971 2862 inposuit.‘
2048 2807 2174 2858 Quod
2218 2807 2276 2849 ad
2323 2807 2552 2848 Varronem
2597 2819 2693 2850 csse

275 2878 575 2922 remittendum
606 2878 649 2920 in
682 2878 855 2932 cognita
887 2879 1024 2922 Servii
1047 2893 1142 2921 cum
1179 2879 1253 2920 illo
1285 2878 1548 2932 polyhistore
1581 2878 1803 2919 adfinitate
1835 2877 1963 2920 facile
1986 2878 2175 2932 dabitur,
2208 2878 2262 2920 cf.
2286 2877 2415 2919 etiam
2439 2877 2614 2919 Varron.
2638 2880 2691 2920 de

275 2950 378 3006 ling.
410 2949 484 2992 lat.
519 2949 568 3004 V,
602 2951 681 2992 41:
707 2948 802 3005 ,Hic
823 2963 945 2993 mons
965 2949 1070 3002 (scil.
1087 2948 1371 3006 Capitolinus)
1387 2954 1486 2991 ante
1508 2948 1720 3004 Tarpeius
1743 2948 1916 2992 dictus
1939 2963 1966 2993 a
1998 2949 2210 3004 virgine
2244 2949 2419 2994 Vestale
2441 2948 2691 3005 Tarpeia,

278 3035 390 3077 quae
421 3021 482 3065 ibi
514 3022 570 3064 ab
603 3021 777 3064 Sabinis
808 3025 964 3064 necata
996 3020 1126 3064 armis
1158 3027 1201 3063 et
1233 3020 1515 3077 sepulta'3).

494 3116 521 3160 ¹)
558 3115 605 3151 cf.
631 3115 735 3152 Dion.
762 3115 842 3152 Hal.
868 3114 912 3159 V,
940 3118 996 3158 36,
1023 3114 1121 3151 Paul.
1148 3115 1247 3150 Diae.
1276 3127 1307 3158 p.
1335 3118 1403 3150 354
1424 3115 1472 3150 M.

492 3173 522 3221 ¹)
559 3175 606 3211 cf.
633 3174 777 3220 Kempf,
803 3174 964 3222 Prolegg.
992 3176 1064 3219 ed.;
1090 3176 1128 3211 F.
1156 3176 1326 3218 Zsehech‚
1352 3176 1397 3210 de
1423 3174 1593 3211 Cicerone
1621 3178 1656 3210 et
1682 3175 1781 3210 Livio
1806 3174 1940 3210 Valerii
1963 3175 2111 3211 Maximi
2136 3175 2294 3210 fontibus
2320 3175 2436 3210 Berol.
2466 3178 2567 3210 1865.

492 3234 521 3277 ⁸)
558 3236 605 3272 cf.
620 3237 762 3271 nostrae
782 3234 915 3282 elegiae
935 3246 968 3272 v.
986 3238 1020 3270 1:
1048 3235 1228 3281 ,Tarpeiae
1246 3236 1349 3280 turpe
1369 3234 1599 3279 sepulcrum‘3
1627 3245 1659 3270 v.
1687 3237 1748 3271 93:
1776 3236 1818 3279 ,A
1840 3234 1929 3270 duce
1942 3234 2090 3280 Tarpeia
2102 3245 2203 3270 mons
2224 3236 2279 3271 est
2303 3245 2497 3279 cognomen
2522 3235 2691 3280 adeptus‘.

279 3296 371 3331 Plut.
398 3296 469 3329 vit.
509 3296 609 3329 Rom.
649 3295 789 3338 XV111,
829 3299 864 3329 1:
902 3295 986 3342 ,Τῆς
1025 3298 1142 3340 μέντοι
1181 3294 1356 3342 Ταρπηΐας
1395 3295 1464 3329 ἐκεῖ
1499 3295 1660 3341 ταφείσης
1687 3294 1705 3330 ὁ
1731 3294 1836 3342 λόφος
1863 3295 2061 3339 ὠνομάζετο
2102 3294 2301 3343 Ἰ“αρπήϊος.“
2363 3293 2456 3330 Fest.
2483 3304 2517 3339 p.
2543 3297 2612 3330 343
2641 3294 2689 3331 Μ.

279 3355 382 3391 Dion.
409 3353 489 3390 Hal.
516 3355 564 3397 11,
591 3357 647 3390 40.
