2895 3832
1445 93 1498 136 15

894 236 1001 294 ,Hic‚
1033 252 1086 282 ne
1119 242 1236 282 certa
1266 236 1406 281 forent
1436 237 1689 281 manifestae
1720 237 1846 293 signa
1877 236 2070 293 rapinae,

891 310 1078 353 Aversos
1109 309 1251 354 cauda
1282 308 1412 352 traxit
1442 308 1485 351 in
1516 314 1640 352 antra
1670 310 1871 367 boves.‘¹)

468 392 728 445 Quibuscum
771 392 964 437 versibus
1009 392 1300 450 comparanda
1350 397 1447 436 sunt
1479 381 1597 435 'Livii
1641 393 1772 437 verba
1814 394 1859 449 (l.
1893 393 1964 449 l.):
2012 393 2213 448 ,Aversos
2271 392 2418 447 boves,
2463 392 2683 436 eximium'

255 477 464 521 quemque
494 463 819 520 pulchritudine,
852 463 1002 508 caudis
1031 464 1076 507 in
1107 464 1356 521 speluncam
1386 464 1542 507 traxit.‘

467 546 603 597 Quem
635 546 693 590 ad
729 546 901 590 modum
945 546 1102 591 deinde
1133 546 1268 590 boves
1304 546 1555 602 mugientes,
1603 560 1685 601 quo
1718 562 1745 590 a
1789 547 1903 590 Caco
1947 547 2083 591 abditi
2127 547 2224 601 sint,
2268 545 2354 602 ipsi
2398 545 2664 601 prodiderint

253 617 439 675 Herculi,
477 617 626 662 Livius
657 617 799 674 (sicuti
831 618 1060 675 Vergilius)
1099 617 1271 663 uberius
1309 624 1467 662 narrat.
1530 618 1750 675 Propertio
1795 621 1874 663 hoe
1915 617 2045 663 fuisse
2088 623 2233 663 notum
2274 617 2530 662 documento
2570 621 2667 661 sunt

254 689 384 735 verba
414 692 473 748 (v.
511 690 602 747 13):

1163 772 1311 827 ,furem
1343 786 1522 818 sonuere
1555 773 1751 818 iuvenci!

463 856 526 901 Ac
558 872 597 900 v.
635 859 687 900 15
717 871 776 913 sq.
821 856 1069 913 (Maenalio
1100 856 1231 901 iacuit
1261 857 1408 914 pulsus
1438 857 1519 901 tria
1549 863 1744 914 tempora
1775 871 1913 901 ramo
1946 857 2117 909 Cacus‘)
2156 857 2328 901 clava
2371 856 2513 900 scelus
2564 854 2670 899 illud

251 927 448 984 interimi,
492 927 652 972 idcirco
697 933 932 972 memoratu
976 943 1061 972 non
1104 933 1170 972 est
1206 928 1440 985 indignum,
1484 929 1600 985 quod
1642 929 1711 973 hic
1746 929 1966 973 dissensus
1998 933 2064 1011 est
2094 943 2122 972 a
2153 928 2354 984 Vergilio,
2386 926 2505 982 apud
2535 940 2662 982 quem

249 1000 531 1056 111gulatur
544 1000 590 1056 ²),
623 1013 857 1044 consensus
889 1014 984 1044 cum
1014 1000 1153 1044 Livio.

465 1082 586 1135 Quae
620 1083 690 1139 qui
713 1083 949 1140 contulerit,
983 1083 1271 1128 narrationem
1292 1083 1518 1128 Livianam
1550 1098 1601 1128 eo
1634 1097 1767 1139 usquc
1800 1083 2015 1139 quadrare
2037 1083 2159 1127 dabit
2179 1083 2237 1126 ad
2257 1083 2465 1140 Propertii
2496 1094 2662 1137 versus,

247 1160 293 1197 ut
323 1168 409 1197 non
440 1154 496 1198 sit
531 1154 694 1209 mirum,
740 1154 855 1208 quod
896 1155 1107 1198 Tuerkius
1145 1159 1190 1197 ut
1233 1155 1342 1198 haec
1380 1155 1705 1198 ratiocinaretur
1756 1154 1951 1198 adlectus
1990 1154 2045 1198 sit
2079 1159 2138 1209 (p.
2171 1156 2262 1206 37):
2309 1155 2390 1209 ,Ex
2432 1153 2500 1197 his
2531 1166 2659 1208 quam

249 1230 386 1269 artum
419 1225 632 1269 vinculum
662 1225 901 1270 intercedat
931 1225 1041 1270 inter
1070 1225 1241 1270 Livium
1272 1230 1315 1270 et
1345 1226 1608 1281 Propertium
1646 1231 1841 1281 apparet.
1903 1226 1996 1270 Iam
2039 1225 2180 1281 igitur,
2226 1225 2288 1269 eis
2330 1224 2505 1280 additis,
2547 1238 2661 1280 quae

252 1294 497 1351 Propertius
530 1295 584 1339 de
628 1294 841 1351 Tarpeiae
873 1294 1022 1340 fabula
1045 1310 1098 1340 ex
1128 1295 1253 1340 Livio
1287 1295 1603 1351 deprompsisse
1648 1295 1828 1351 videtur,
1875 1296 2049 1340 dubium
2094 1310 2191 1341 esse
2234 1310 2318 1340 non
2359 1300 2514 1352 potest,
2559 1294 2661 1350 quin

250 1366 495 1422 Propertius
527 1366 691 1422 priores
722 1366 853 1411 libros
886 1366 998 1411 Livii
1028 1382 1114 1412 non
1146 1367 1282 1412 solum
1313 1367 1572 1422 cognoverit,
1612 1367 1691 1412 sed
1732 1367 1862 1411 etiam
1905 1380 2051 1412 eorum
2092 1367 2135 1410 in
2176 1366 2359 1411 studium
2397 1363 2660 1411 incubuerit.‘

248 1438 415 1483 Eadem
454 1438 655 1495 opinione
693 1438 935 1494 implicatur
964 1439 1254 1483 Rothsteinius
1291 1439 1376 1492 (ed.
1408 1444 1505 1483 tom.
1538 1440 1592 1491 ΙΙ,
1625 1454 1665 1495 p.
1697 1439 1816 1495 292),
1856 1444 1899 1484 et
1935 1453 2014 1484 nos
2046 1452 2215 1494 quoque
2245 1439 2345 1484 viris
2376 1438 2513 1484 doctis
2545 1438 2661 1482 omni

247 1524 421 1555 numero
454 1509 793 1567 astipularemur,
837 1510 873 1554 si
905 1510 1059 1556 solus
1080 1510 1228 1556 Livius
1264 1536 1312 1544 —
1349 1510 1551 1567 Vergilio,
1583 1515 1628 1555 ut
1659 1524 1738 1567 par
1770 1515 1848 1567 est,
1882 1510 2041 1556 omisso
2079 1536 2130 1543 -
2164 1509 2274 1555 hunc
2305 1522 2399 1555 cum
2437 1509 2658 1566 Propertio

250 1586 502 1626 concentum
532 1582 770 1638 praeberet.

461 1664 549 1709 Sed
581 1665 693 1708 enim
724 1665 837 1707 Livii
875 1665 1169 1709 auctoritatem
1200 1664 1464 1709 labefactare
1497 1666 1540 1708 in
1573 1665 1748 1720 eiusque
1779 1665 1921 1709 locum
1954 1666 2188 1708 Varronem
2219 1678 2374 1708 vocare
2406 1663 2657 1707 conantibus

249 1749 303 1777 ex
348 1736 561 1778 sententia
602 1735 831 1790 opitulatur
873 1736 1053 1790 scriptor
1097 1736 1300 1790 Graecus,
1345 1736 1579 1791 Dionysius
1622 1736 1995 1778 Halicarnasseus.
2061 1735 2296 1778 Audiamus
2340 1734 2524 1789 agedum
2568 1733 2659 1777 eius

250 1806 578 1862 descriptionem
610 1811 652 1850 et
684 1821 987 1862 componamus
1020 1822 1114 1850 eum
1145 1807 1354 1862 Propertii
1386 1812 1428 1851 et
1458 1808 1572 1850 Livii
1601 1807 1755 1852 verbis.
1807 1807 1955 1851 Prodit
1975 1807 2084 1851 haec
2112 1806 2345 1862 (Antiquitt.
2368 1806 2486 1850 Rom.
2508 1806 2542 1861 1,
2565 1806 2658 1861 39):

250 1875 304 1925 ,Ὁ
330 1878 398 1934 μὲν
432 1876 498 1922 οὖν
531 1878 695 1934 μυθικὸς
726 1878 814 1935 περὶ
843 1881 911 1934 τῆς
940 1878 1155 1937 παρουσίας
1187 1878 1306 1922 αὐτοῦ
1336 1878 1442 1933 (scil.
1473 1878 1729 1936 Ἡρακλέους)
1760 1879 1876 1936 λόγος
1907 1877 1977 1923 ὧδ’
2014 1878 2114 1937 ἔχει·
2154 1881 2209 1927 ὡς
2246 1879 2294 1936 δὴ
2332 1877 2556 1926 κελευσθεὶς
2594 1876 2654 1920 ὑπ’

254 1947 492 2006 Εὐρυσθέως
533 1948 732 2007 Ἡρακλῆς
784 1950 851 1994 σὺν
900 1953 977 1998 τοῖς
1023 1949 1156 2012 ἄλλοις
1199 1950 1336 1998 ἄθλοις
1380 1951 1446 1994 καὶ
1488 1951 1557 1999 τὰς
1605 1951 1805 2008 Γηρυόνου
1870 1952 1962 2009 βοῦς
2028 1952 2067 1998 ἐξ
2123 1949 2371 2009 Ἐρυθείας
2423 1950 2478 1997 εἰς
2526 1949 2658 2007 Ἄργος

250 2021 508 2073 ἀπελάσαι,
547 2020 707 2067 τελέσας
737 2021 801 2063 τὸν
846 2020 968 2063 ἆθλον
1000 2021 1065 2063 καὶ
1095 2022 1163 2078 τὴν
1199 2014 1336 2064 οἴκαδε
1362 2023 1519 2079 πορείαν
1546 2022 1775 2079 ποιούμενος
1801 2022 1905 2079 ἄλλῃ
1931 2037 1973 2064 τε
1999 2025 2186 2080 πολλαχῇ
2209 2026 2276 2079 τῆς
2301 2021 2464 2068 Ἰταλίας
2492 2022 2653 2078 ἀφίκετο

250 2093 315 2133 καὶ
346 2096 414 2150 τῆς
444 2091 688 2151 Ἀβοριγίνων
720 2096 789 2149 γῆς
819 2093 871 2138 εἰς
902 2094 945 2133 τὸ
978 2094 1170 2151 προσεχὲς
1202 2097 1258 2150 τῷ
1291 2094 1572 2151 Παλλαντίῳ
1600 2095 1759 2151 χωρίον.
1797 2094 1935 2151 Εὑρὼν
1965 2096 2008 2135 δὲ
2034 2095 2153 2135 πόαν
2179 2096 2218 2134 ἐν
2251 2094 2357 2149 αὐτῷ
2390 2094 2653 2150 βουκολίδα

251 2165 397 2218 πολλὴν
430 2166 495 2203 καὶ
527 2166 664 2219 καλὴν,
706 2165 773 2208 τὰς
813 2166 881 2219 μὲν
916 2165 1012 2221 βόας
1043 2166 1185 2219 ἀνῆκεν
1218 2166 1272 2209 εἰς
1303 2168 1438 2220 νομὴν,
1471 2167 1613 2210 αὐτὸς
1644 2168 1693 2205 δὲ
1725 2167 2053 2222 βαρυνόμενος
2085 2168 2171 2205 ὑπὸ
2203 2166 2370 2213 κόπου,
2410 2166 2657 2207 κατακλιθεὶς

249 2233 398 2274 ἔδωκεν
431 2236 548 2275 αὑτὸν
580 2251 701 2291 υπνῳ.
706 2241 718 2259 ⁶

462 2318 709 2372 Compares,
755 2330 931 2374 quaeso,
976 2331 1070 2360 cum
1114 2320 1229 2368 ,πόαν
1269 2321 1494 2376 βουκολίδα6
1533 2320 1739 2374 Propertii
1778 2333 2003 2375 ,pecorosa
2059 2320 2255 2373 Palatia‘,
2300 2332 2395 2360 cum
2438 2318 2572 2367 ,αὐτὸς
2610 2319 2654 2357 δὲ

249 2387 513 2443 βαρυνόμενος
553 2390 627 2429 ὑπὸ
666 2389 804 2430 κόπου6
837 2390 1045 2444 Propertii
1086 2390 1239 2445 ,fessus
1278 2396 1320 2432 et
1350 2392 1480 2446 ipse‘,
1526 2396 1568 2432 et
1598 2391 1711 2433 adde
1750 2391 1866 2445 quod
1903 2391 2036 2445 locus,
2068 2390 2179 2432 unde
2212 2389 2417 2431 Hercules
2449 2389 2653 2431 iuvencos

249 2458 458 2513 abegerat
489 2458 724 2514 (Erythea),
758 2473 785 2502 a
817 2460 1027 2516 Dionysio
1059 2473 1228 2516 quoque
1259 2462 1511 2516 nominatur,
1544 2475 1629 2504 non
1660 2475 1686 2503 a
1717 2462 1855 2504 Livio.
1917 2462 2033 2504 Velis
2064 2461 2186 2516 nolis,
2227 2459 2547 2502 concedendum
2576 2458 2654 2500 tihi

251 2528 331 2571 erit
362 2534 477 2573 certe
509 2543 593 2572 non
624 2530 796 2574 laxius
829 2544 925 2574 esse
956 2532 1168 2575 vinculum
1199 2533 1284 2575 iam
1315 2533 1396 2575 huc
1427 2547 1560 2588 usque
1592 2534 1699 2575 inter
1729 2534 1993 2589 Propertium
2026 2537 2068 2575 et
2101 2532 2353 2588 Dionysium
2384 2544 2513 2586 quam
2545 2530 2656 2572 inter

250 2605 426 2654 poetam
457 2605 499 2643 et
530 2602 775 2644 historicum
807 2604 1058 2646 Romanum.

464 2672 553 2716 Sed
583 2672 806 2717 videamus
840 2688 950 2729 quae
982 2679 1212 2730 sequuntur
1243 2675 1359 2732 apud
1391 2676 1645 2733 Dionysium
1675 2675 2062 2720 Halicarnasseum.

440 2839 468 2884 ¹)
506 2840 552 2876 ef.
579 2839 685 2885 Ver-g.
712 2842 802 2876 Aen.
830 2841 931 2885 VIII,
958 2843 1027 2877 209
1052 2852 1145 2887 sqq.:

818 2902 946 2946 ,Atque
970 2901 1046 2946 hos,
1071 2911 1188 2947 nequa
1212 2902 1333 2938 forent
1356 2902 1505 2947 pedibus
1529 2902 1677 2949 vestigia
1701 2902 1817 2945 rectis,

817 2959 937 2996 Gauda
960 2960 997 2994 in
1021 2960 1227 3005 speluncam
1252 2963 1383 2996 tractos
1407 2962 1589 3007 versisque
1616 2962 1749 2996 viarum

817 3019 961 3055 Iudiciis
986 3022 1105 3064 raptor
1129 3030 1214 3057 saxo
1239 3020 1436 3056 occultabat
1460 3023 1590 3065 opaco.‘

466 3087 494 3133 ¹)
520 3091 609 3124 Aen.
636 3090 738 3135 VIII,
765 3093 834 3127 259
859 3101 957 3136 sqq.:

815 3150 894 3195 ,Hic
919 3150 1050 3188 Cacum
1075 3151 1113 3187 in
1137 3150 1294 3188 tenebris
1318 3152 1482 3188 incendia
1505 3161 1597 3187 vana
1620 3152 1821 3187 vomentem

816 3210 1022 3257 Corripit
1046 3211 1093 3246 in
1116 3212 1271 3247 nodum
1296 3211 1552 3257 complexus
1577 3212 1618 3246 et
1643 3210 1771 3256 angit
1794 3210 2035 3246 inhaerens

815 3270 957 3307 Elisos
983 3270 1129 3306 oculos
1155 3274 1196 3305 et
1221 3272 1381 3306 siccum
1406 3270 1619 3315 sanguine
1644 3272 1816 3314 guttur-,⁴
