2895 3832
1441 224 1496 266 19

473 363 725 406 Mutatum
755 376 858 406 vero
889 363 1079 407 Euandn'
1111 364 1341 422 hospitium
1372 378 1468 408 cum
1499 364 1603 409 Caci
1634 378 1663 407 a
1693 363 1928 420 Propertio,
1967 363 2407 419 repugnantibus
2444 364 2668 419 reliquis

259 435 647 491 scriptoribus,
679 449 786 479 cave
818 436 1104 481 concedamus
1133 436 1336 492 Tuerkio,
1369 437 1528 493 quippe
1560 450 1654 480 cum
1691 442 1816 479 ante
1848 436 1952 479 Caci
1984 449 2133 479 necem
2166 435 2361 479 Herculis
2391 436 2666 491 Euandrique

259 505 490 562 hospitium
531 511 882 550 commemoretur
913 520 941 550 a
970 508 1129 550 nullo.
1190 508 1247 551 Et
1288 507 1634 563 quandoquidem
1675 506 1791 562 apud
1834 512 2021 550 nostrum
2052 506 2260 550 Hercules
2303 506 2471 549 exsistit
2507 506 2666 562 hospes

256 577 374 633 Caci,
407 576 462 621 de
493 577 675 621 altero
708 577 893 633 hospitio
925 578 1135 633 cogitetur
1164 591 1345 622 necesse
1377 583 1457 630 est,
1489 580 1711 634 eleganter
1741 592 1808 620 me
1840 577 2010 632 quidem
2041 577 2182 621 iudice
2213 591 2242 621 a
2273 582 2404 632 poeta
2434 576 2548 631 ficto,
2582 590 2665 631 quo

252 647 366 691 illius
390 647 682 691 semihominis
706 648 846 692 scelus
872 648 1109 703 furtumque
1132 648 1287 693 reddat
1306 648 1613 693 detestabilius.
1665 648 1744 692 Vix
1767 648 1993 703 quicquam
2013 661 2148 692 ansae
2168 648 2274 692 dare
2294 652 2438 703 potest
2452 646 2667 690 Diodorus

254 718 422 761 Siculus
454 719 526 773 IV,
578 721 650 773 21,
673 721 721 761 2:
773 717 973 767 ,Κάκιος
1023 720 1089 761 καὶ
1133 719 1311 776 Πινάριος
1354 719 1529 766 ἐδέξαντο
1579 720 1645 761 τὸν
1687 718 1884 774 Ἡρακλέα
1928 720 2061 765 ξενίοις
2104 719 2318 773 ἀξιολόγοις
2373 719 2439 760 καὶ
2495 719 2668 773 δωρεαῖς

255 789 560 846 κεχαρισμέναις
591 790 807 845 ἐτίμησαν,
851 803 976 845 quem
1007 792 1146 834 locum
1177 791 1417 834 intricatum
1449 797 1491 835 et
1521 790 1796 845 inconditum,
1828 803 1953 844 quem
1985 803 2107 833 nemo
2140 803 2271 833 sanus
2304 790 2347 832 in
2378 789 2667 833 testimonium

256 860 477 916 adhibeat,
510 873 588 904 suo
621 861 710 904 iure
741 861 935 916 increpat
966 862 1256 905 Rothsteinius
1293 861 1377 916 (ed.
1409 867 1505 906 tom.
1540 863 1594 917 II,
1627 875 1669 917 p.
1702 864 1856 914 291)1).
1920 861 2083 912 Quibus
2121 861 2314 904 omnibus
2347 862 2475 905 rebus
2506 859 2665 916 ponde·

255 932 359 975 ratis
389 931 687 987 intellegemus
718 932 887 976 minime
918 933 1233 989 respiciendum
1257 933 1389 977 fuisse
1415 940 1569 989 poetae
1594 933 1841 976 Euandrum
1872 939 1928 988 et,
1961 932 2174 987 quomodo
2213 932 2321 976 baec
2360 931 2666 987 ,commutatio,

254 1003 392 1059 possit
422 1003 628 1059 explicari
658 1004 805 1047 inutile
845 1018 941 1048 esse
979 1018 1072 1048 cum
1110 1005 1299 1048 Tuerkio
1341 1009 1399 1060 (p.
1433 1007 1506 1056 39)
1542 1018 1767 1060 quaerere,
1815 1004 2066 1060 praesertim
2110 1017 2205 1047 cum
2244 1004 2430 1059 ingenue
2469 1003 2566 1059 ipse
2603 1002 2669 1045 vir

256 1074 406 1118 doctus
450 1074 799 1130 interpretatione
822 1082 865 1118 'a
902 1088 949 1118 se
986 1080 1153 1119 tentata
1191 1075 1351 1119 nodum
1392 1088 1477 1118 non
1515 1076 1709 1131 expediri
1746 1075 1788 1117 in
1833 1074 2031 1118 confesso
2076 1075 2140 1117 sit.
2202 1076 2264 1117 Ac
2307 1074 2422 1130 quod
2464 1074 2668 1129 opinatur

253 1145 466 1190 Tuerkius
497 1145 615 1202 apud
645 1146 923 1202 Propertium,
959 1147 1112 1191 iterum
1143 1146 1414 1191 recedentem
1445 1147 1501 1190 ab
1533 1142 1728 1191 omnibus
1761 1146 1935 1201 reliquis
1967 1146 2242 1202 scriptoribus
2273 1160 2298 1190 e
2334 1146 2522 1190 Varrone
2562 1158 2665 1201 pen-

254 1217 465 1273 dentibus,
511 1218 625 1261 Arae
657 1217 872 1261 Maximae
905 1218 1271 1262 consecrationem
1301 1229 1402 1261 non
1445 1232 1619 1262 manare
1652 1232 1676 1262 e
1708 1218 1811 1262 Caci
1856 1218 2007 1273 caede,
2053 1218 2225 1261 diluitur
2266 1217 2311 1261 id
2354 1217 2461 1273 ipsis
2505 1222 2663 1273 poetae

255 1288 397 1332 verbis
427 1304 467 1332 v.
501 1291 557 1332 67
572 1302 658 1344 sq.:

811 1360 1012 1416 ,Maxima
1044 1374 1155 1417 quae
1186 1360 1445 1417 gregibus
1477 1361 1634 1405 devota
1666 1367 1731 1404 est
1763 1375 1840 1404 ara
1872 1361 2132 1417 repertis,

806 1433 895 1475 Ara
924 1446 1002 1488 per
1032 1433 1126 1488 has,
1157 1432 1305 1487 inquit,
1337 1433 1523 1475 maxima
1553 1432 1670 1475 facta
1700 1434 1880 1475 manus.‘

464 1514 629 1566 Quibus
669 1512 863 1557 versibus
896 1515 1082 1558 dilucide
1123 1515 1329 1557 Hercules
1372 1515 1465 1569 ipse
1503 1515 1695 1557 declarat
1741 1528 1787 1557 se
1819 1516 1950 1557 Aram
1993 1515 2225 1556 Maximam
2258 1514 2497 1567 dedicasse,
2549 1526 2661 1555 cum

251 1589 629 1641 recuperasset
659 1586 833 1629 boves
866 1584 892 1628 i.
928 1599 963 1629 e.
995 1590 1093 1641 post
1124 1585 1227 1629 Caci
1259 1585 1490 1637 caedem.²)

218 1649 221 1651 ’
463 1656 553 1700 lam
604 1656 709 1698 nihil
770 1669 867 1700 esse
923 1656 1108 1711 videtur,
1164 1656 1278 1711 quod
1328 1656 1508 1711 efficiat,
1577 1671 1630 1700 ue
1683 1657 1966 1711 Propertium,
2026 1656 2197 1711 poetica
2254 1655 2446 1698 nimirum
2515 1655 2659 1697 ubiubi

250 1727 558 1770 admiscentem
588 1727 822 1782 pigmenta,
867 1727 909 1769 in
940 1740 1052 1770 nono
1085 1740 1252 1781 quoque
1294 1727 1478 1770 carmine
1512 1753 1564 1759 —
1598 1728 1828 1782 Vergilium
1865 1740 2034 1782 semper
2070 1726 2370 1782 excipiendum
2408 1727 2493 1769 iam
2530 1739 2660 1780 supra

252 1796 434 1841 diximus
469 1822 519 1828 -
556 1797 642 1840 uni
674 1798 838 1841 auctori
869 1797 1160 1853 obtrudamus,
1194 1798 1426 1842 Varroni.

465 2009 661 2056 Decimo
692 2010 894 2063 carmine,
934 2009 1045 2054 unde
1088 2009 1327 2065 ,Feretrius‘
1361 2009 1657 2055 denominatus
1689 2010 1743 2054 sit
1776 2010 1964 2066 Iuppiter
1995 2015 2037 2054 et
2068 2010 2137 2065 qui
2169 2009 2348 2053 Romani
2382 2009 2660 2064 imperatores

250 2081 395 2138 opima
426 2074 566 2139 spolia
596 2086 815 2138 reportata
847 2081 889 2124 in
923 2081 1037 2126 Iovis
1068 2081 1247 2126 Feretrii
1276 2082 1435 2139 templo
1466 2082 1696 2139 posuerint,
1729 2082 1965 2139 explicatur
1995 2096 2023 2126 a
2053 2081 2286 2138 Propertio.

464 2153 590 2197 Clare
623 2157 749 2197 sonat
781 2153 1028 2208 Varronem,
1072 2166 1199 2209 quem
1230 2153 1272 2196 in
1319 2153 1677 2209 ,Antiquitatibus‘
1723 2158 1893 2210 praeter
1936 2158 2100 2197 ceteros
2142 2153 2185 2196 in
2220 2152 2328 2196 fines
2369 2151 2658 2208 etymologiae

252 2224 491 2268 excurrisse
522 2224 565 2267 in
597 2228 747 2279 aperto
780 2229 845 2267 est
876 2225 933 2279 (v.
967 2224 1144 2268 Ritschl.
1177 2238 1322 2281 opusc.
1354 2225 1432 2279 111,
1465 2227 1581 2280 363),
1613 2225 1716 2268 illud
1747 2225 2035 2279 veriloquium,
2068 2239 2150 2278 quo
2182 2225 2223 2266 in
2256 2223 2455 2267 carminis
2487 2236 2659 2277 perora-

251 2294 368 2338 tione
398 2294 454 2338 de
486 2294 652 2350 origine
683 2294 950 2350 cognominis
982 2294 1160 2338 Feretrii
1191 2294 1301 2339 haec
1332 2294 1463 2339 habet
1493 2299 1643 2351 poeta:

814 2365 953 2421 ,Nunc
983 2365 1124 2421 spolia
1153 2365 1198 2409 in
1227 2366 1385 2422 templo
1415 2366 1499 2409 tria
1527 2365 1722 2410 condita:
1754 2380 1887 2409 causa
1918 2365 2090 2420 Feretri,

818 2435 970 2480 Omine
1000 2435 1116 2491 quod
1147 2440 1264 2480 certo
1296 2436 1383 2480 dux
1414 2435 1538 2480 ferit
1570 2450 1691 2481 ense
1724 2437 1893 2481 ducem:

818 2507 919 2562 Seu,
951 2507 1053 2563 quia
1083 2507 1198 2551 victa
1227 2507 1316 2551 suis
1346 2507 1504 2552 umeris
1535 2507 1645 2552 haec
1675 2521 1813 2551 arma
1844 2506 2101 2562 ferebant,

815 2578 926 2620 Hinc
957 2577 1121 2621 Feretri
1153 2577 1270 2621 dicta
1300 2582 1366 2621 est
1396 2592 1475 2622 ara
1505 2579 1690 2635 superba
1723 2578 1860 2622 lovis.‘

463 2649 545 2690 Aut
577 2661 600 2690 e
632 2649 763 2691 verbo
797 2647 1006 2702 ,feriendi‘
1037 2649 1065 2690 i.
1089 2661 1125 2691 e.
1161 2648 1373 2691 caedendi
1405 2653 1479 2691 aut
1510 2663 1533 2691 e
1565 2650 1696 2692 verbo
1729 2649 1933 2704 ,ferendi‘,
1975 2648 2075 2702 quia
2109 2648 2243 2690 victor
2277 2653 2369 2690 erat
2402 2651 2663 2703 τροπαιοῦχος

255 2718 347 2763 sive
380 2717 626 2774 σκυλοφόρος
655 2717 723 2771 (cf.
745 2718 873 2762 Dion.
895 2718 993 2761 Hal.
1017 2719 1072 2773 ΙΙ,
1095 2721 1182 2771 34),
1214 2718 1419 2774 originem
1441 2719 1615 2763 duxisse
1641 2719 1744 2762 illud
1771 2732 2007 2774 cognomen
2036 2721 2216 2761 testatur
2245 2717 2375 2760 etiam
2407 2717 2661 2762 Plutarchus

247 2789 348 2842 (Vit.
381 2789 573 2832 Marcelli
601 2791 662 2840 8):
701 2787 905 2839 ,Καλεῖται
938 2789 999 2831 δ’ὁ
1032 2790 1100 2844 μὲν
1132 2790 1238 2838 θεὸς,
1271 2788 1305 2845 ᾧ
1336 2790 1542 2845 πέμπεται,
1580 2790 1785 2845 Φερέτριος
1816 2789 1927 2834 Ζεὺς.
1969 2792 2022 2834 ὡς
2053 2789 2122 2842 μὲν
2154 2786 2249 2830 ἔνιοί
2277 2803 2410 2843 φασιν,
2459 2789 2538 2830 ἀπὸ
2591 2793 2660 2830 τοῦ

251 2859 667 2917 φερετρευομένου
698 2860 924 2917 τροπαίου
958 2860 1058 2903 κατὰ
1087 2861 1155 2917 τὴν
1181 2858 1391 2917 Ἑλληνίδα
1418 2864 1611 2917 γλῶσσαν,
1644 2860 1698 2904 ἔτι
1733 2862 1879 2917 πολλὴν
1919 2860 2006 2903 τότε
2041 2858 2363 2916 συμμεμιγμένην
2394 2866 2443 2916 τῇ
2469 2860 2660 2911 Λατίνων,

465 2990 493 3035 ¹)
531 2990 656 3034 ,Cacus
681 2990 738 3025 hic
763 2990 883 3025 Potitii
908 2990 983 3025 loco
1009 2990 1197 3026 inductus.‘
1246 2991 1371 3026 Tuerk.
1398 3002 1431 3037 p.
1458 2994 1514 3027 38.

460 3061 488 3104 ¹)
525 3062 735 3107 Hertzberg.
761 3063 815 3097 ed.
840 3064 924 3096 tom.
950 3062 1018 3106 III,
1044 3074 1076 3107 p.
1103 3066 1192 3098 487:
1219 3063 1272 3106 ,V.
1301 3066 1362 3098 67:
1395 3063 1569 3109 ,gregibus
1593 3063 1720 3097 devota
1750 3063 1909 3105 repertis*
1935 3072 2020 3096 eave
2052 3073 2097 3095 ne
2123 3073 2203 3096 cum
2228 3062 2360 3096 Jacobo
2386 3074 2471 3106 ,pro
2496 3063 2661 3108 gregibus

252 3119 404 3165 repertis
429 3121 541 3156 vota*
566 3120 823 3165 interpreteris.
859 3120 1039 3164 Quomodo
1065 3121 1160 3157 enim
1176 3120 1351 3158 Hercules
1371 3121 1448 3166 sibi,
1474 3122 1573 3167 quasi
1590 3121 1692 3156 homo
1710 3121 1786 3163 deo,
1813 3132 1909 3156 aram
1927 3120 2130 3163 devoveret,
2157 3121 2180 3155 i.
2194 3132 2225 3156 e.
2240 3120 2306 3156 sibi
2327 3121 2404 3166 ipse
2423 3121 2658 3166 promitteret,

250 3179 280 3212 si
312 3179 538 3224 repperisset,
575 3180 834 3213 dedicandum?
883 3180 1084 3214 Absurdum
1118 3181 1183 3214 hoc
1210 3206 1216 3213 .
1245 3208 1252 3215 .
1281 3208 1289 3215 .
1316 3207 1323 3215 .
1369 3183 1420 3215 Ac
1451 3192 1496 3214 ne
1528 3181 1674 3215 verbum
1706 3180 1846 3224 quidem
1879 3179 2068 3222 ,devoveri‘
2100 3182 2198 3213 recte
2230 3180 2389 3223 haberet,
2420 3181 2512 3226 quod
2542 3181 2572 3215 si
2611 3181 2661 3224 ,in

249 3238 407 3274 futuram
432 3240 733 3275 consecrationem
772 3240 939 3283 promitti‘
977 3235 1166 3286 signifieat,
1204 3252 1347 3285 semper
1382 3241 1620 3275 hostiarum
1647 3242 1711 3282 est,
1749 3250 1821 3273 non
1855 3239 2057 3274 locorum.
2106 3239 2154 3274 Hi
2193 3240 2289 3275 enim
2322 3243 2556 3283 voventur,
2589 3252 2659 3275 non

248 3297 539 3336 devoventur.
588 3298 714 3344 Itaque
746 3300 916 3343 ,devotus‘
947 3300 1015 3344 hic,
1052 3302 1093 3336 ut
1127 3301 1278 3346 saepius,
1313 3301 1351 3336 in
1381 3300 1583 3336 universum
1621 3299 1689 3335 erit
1719 3299 1888 3343 ,dicatus⁴,
1921 3298 2094 3335 ablativus
2130 3302 2249 3336 autem
2287 3299 2463 3346 ,gregibus
2497 3301 2659 3345 repertis‘

247 3366 319 3393 non
343 3356 496 3403 pretium
521 3368 720 3404 causamve,
746 3359 809 3396 sed
832 3360 1007 3405 tempus
1031 3360 1170 3396 tantum
1195 3358 1423 3406 significabit:
1456 3359 1639 3405 postquam
1665 3357 1829 3404 reppefif

2377 3420 2418 3456 3*
