2895 3832
1403 106 1531 171 16—

436 247 596 291 Cacum
621 246 783 290 inducit
808 246 952 290 verbis
977 245 1116 290 hisce:
1148 247 1344 304 ,λῃστής
1372 262 1425 293 τις
1455 248 1717 306 ἐπιχώριος
1748 246 1874 305 ὄνομα
1906 245 2070 297 Κάκοςό.
2130 248 2256 302 Quod
2281 250 2421 307 magis
2448 251 2633 297 concinit

222 331 319 360 cum
349 318 561 373 Propertii
592 331 719 361 versu
750 331 882 361 nono:

811 388 1003 444 ,Incola
1035 387 1175 431 Cacus
1208 394 1314 445 erat,
1347 389 1575 433 metuendo
1608 395 1788 446 raptor
1819 392 1875 435 ab
1908 393 2044 435 antro‘

223 471 353 514 quam
383 472 480 504 cum
511 460 653 503 verbis
684 459 810 515 Livii,
842 473 870 502 a
901 472 985 514 quo
1018 458 1145 502 homo
1178 459 1251 503 ille
1283 459 1517 504 sceleratus
1548 460 1789 504 venditetur
1821 463 2052 517 ,pastor‘.

437 541 505 586 De
531 541 631 586 dolo
652 541 769 598 Caci,
800 555 975 597 prorsus
1007 541 1118 586 sicut
1152 542 1409 598 Propertius,
1443 542 1679 598 Dionysius
1710 543 1842 586 habet
1872 543 2002 586 haec:
2037 541 2203 598 ,Ὀλίγας
2234 544 2277 586 δέ
2307 561 2411 592 τινας
2442 547 2481 593 ἐξ
2512 548 2641 589 αὐτῶν

225 612 336 669 (scil.
362 616 440 654 τῶν
466 613 585 670 βοῶν)
610 613 664 658 εἰς
687 613 732 654 τὸ
759 611 896 668 ἄντρον
920 644 929 653 .
954 644 964 654 .
989 643 999 654 .
1043 613 1327 670 ἀποκρύπτεται
1351 611 1516 668 ἔμπαλιν
1536 616 1604 669 τῆς
1625 613 1726 655 κατὰ
1748 613 1861 669 φύσιν
1881 616 1958 659 τοῖς
1980 612 2095 669 ζῴοις
2114 616 2274 672 πορείας
2295 615 2338 673 (i.
2361 630 2395 659 e.
2419 618 2642 674 ,aversas‘)

227 684 495 739 ἐπισπώμενος
530 684 697 738 ἑκάστην
734 682 818 725 κατ’
864 683 984 739 οὖροίν
1021 683 1089 737 (cf.
1124 684 1278 739 ,cauda
1315 683 1443 727 traxit
1484 683 1526 725 in
1567 688 1689 726 antra
1725 684 1902 736 boves‘).
1964 681 2089 726 Τοῦτο
2123 685 2167 727 δέ
2205 686 2312 742 αὐτῷ
2351 691 2427 729 τῶν
2464 688 2642 745 ἐλέγχων

227 755 448 812 ἀφανισμὸν
485 753 648 796 ἐδύνατο
685 757 907 811 παρασχεῖν
943 754 1013 811 (cf.
1053 769 1121 812 ,ne
1153 760 1270 799 certa
1300 755 1439 798 forent
1468 753 1722 798 manifestae
1755 754 1880 811 signa
1910 754 2121 811 rapinae‘)
2157 756 2330 804 ἐναντίας
2362 759 2644 816 φανησομένης

226 829 304 872 τοῖς
334 824 457 882 ἴχνεσι
497 829 565 881 τῆς
597 826 720 869 ὀδοῦ.
785 826 853 868 De
884 826 1025 869 bubus
1057 826 1157 870 dein
1190 841 1236 870 se
1268 827 1385 882 ipsos
1415 826 1693 882 prodentibus
1731 825 1965 883 Dionysius
2007 840 2144 882 aeque
2186 841 2238 870 ac
2275 829 2423 873 Livius
2461 831 2635 886 copiose

227 902 384 940 narrat.
436 896 550 939 Livii
577 897 712 940 verba
738 901 836 940 sunt
863 897 995 941 haec:
1030 898 1149 953 ,Inde
1177 912 1270 942 cum
1296 902 1419 941 actae
1445 898 1581 941 boves
1608 896 1821 953 quaedam
1848 897 1906 940 ad
1934 897 2206 954 desiderium,
2238 903 2283 941 ut
2308 899 2367 954 fit,
2400 901 2641 946 relictarum

226 969 475 1023 mugissent,
494 967 666 1010 reddita
688 968 947 1011 inclusarum
969 982 1022 1012 ex
1045 970 1252 1023 spelunca
1266 970 1391 1011 boum
1410 983 1491 1012 vox
1502 969 1970 1012 Herculemconvertit‘.
1996 969 2191 1024 Dionysii
2215 983 2316 1012 vero
2340 972 2639 1016 elocutionem:

228 1039 513 1094 ,ἀντεμυκῶντο
552 1037 659 1091 (scil.
693 1039 733 1080 αἱ
766 1037 875 1095 βόες)
915 1042 998 1085 ταῖς
1038 1037 1221 1082 ἔκτοσθεν
1260 1039 1324 1081 καὶ
1355 1039 1573 1094 ἐγεγόνει
1611 1041 1636 1095 ἢ
1668 1040 1805 1097 φωνὴ
1844 1038 1996 1080 αὐτῶν
2035 1039 2297 1096 κατήγορος
2334 1045 2414 1096 τῆς
2454 1046 2644 1099 κλοπῆς6

225 1109 388 1162 magis
414 1108 662 1163 conspirare
690 1122 785 1151 cum
811 1109 1022 1164 Propertii
1051 1110 1115 1163 ,fu
1128 1124 1228 1152 rem
1255 1124 1473 1152 sonuere
1499 1110 1698 1166 iuvenci‘,
1730 1110 1824 1165 quis
1851 1114 1916 1151 est
1942 1110 2042 1165 quin
2068 1110 2333 1166 cognoscat?
2365 1110 2490 1163 Quod
2504 1118 2646 1157 autem

225 1179 378 1222 attinet
408 1179 468 1221 ad
498 1193 636 1234 genus
667 1180 971 1235 interficiendi,
1004 1181 1238 1237 Dionysius
1274 1195 1443 1236 quoque
1486 1181 1639 1222 refert:
1685 1180 1900 1238 ,Ἡρακλῆς
1939 1182 1983 1221 δὲ
2021 1182 2164 1222 ἀλοιῶν
2204 1182 2321 1222 αὐτὸν
2359 1186 2414 1238 τῷ
2442 1184 2647 1241 ,ῥοπάλῳ

226 1251 390 1293 κτείνειί.
451 1251 515 1292 Ac
555 1251 671 1303 quod
712 1252 956 1305 Propertius
999 1252 1052 1293 de
1094 1252 1254 1293 foribus
1292 1254 1348 1293 ab
1381 1253 1564 1293 Hercule
1597 1252 1787 1294 effractis
1820 1253 1933 1294 canit
1965 1265 2090 1294 versu
2125 1255 2198 1294 14:

969 1322 1104 1376 ,Furis
1138 1328 1180 1364 et
1210 1322 1466 1377 implacidas
1499 1323 1626 1364 diruit
1656 1324 1720 1364 ira
1751 1323 1930 1377 fores,‘²)

226 1392 461 1448 Dionysius
491 1393 675 1447 praebet
697 1393 935 1436 consimilia
965 1392 1306 1445 (ἐπικατασκάπτει
1336 1397 1392 1449 τῷ
1423 1395 1551 1435 κλωπὶ
1580 1395 1624 1434 τὸ
1657 1395 1892 1450 σπήλαιονί),
1924 1394 2050 1435 nihil
2078 1393 2248 1435 omnino
2275 1394 2434 1436 Livius.

439 1462 643 1520 Dionysii
674 1463 802 1518 igitur
832 1477 925 1507 cum
961 1463 1181 1519 Propertio
1215 1463 1513 1508 similitudines
1550 1465 1742 1508 nonnihil
1772 1465 2087 1520 praevalere
2124 1463 2251 1507 facile
2285 1465 2537 1507 diiudicabit
2578 1465 2649 1518 qui

226 1534 499 1578 narrationes
534 1539 577 1578 et
606 1534 719 1578 Livii
753 1539 795 1579 et
824 1534 1024 1591 Dionysii
1058 1549 1152 1578 cum
1185 1535 1396 1591 Propertii
1428 1536 1623 1579 versibus
1655 1536 1951 1592 composuerit.

442 1617 533 1660 Sed
565 1617 946 1673 quomodocunque
989 1619 1098 1661 haec
1136 1632 1204 1662 res
1244 1632 1291 1662 se
1330 1619 1475 1674 habet,
1521 1620 1734 1663 artissimo
1774 1619 1938 1663 conecti
1978 1619 2145 1662 vinculo
2188 1633 2365 1662 omnes
2404 1632 2479 1661 eos
2519 1619 2649 1674 scrip-

225 1686 342 1732 tores
381 1688 520 1743 quivis
557 1688 790 1744 intelleget.
867 1690 1019 1744 Itaque
1077 1690 1289 1733 Tuerkius
1334 1691 1389 1734 de
1446 1690 1569 1734 huius
1624 1690 1797 1733 fabulae
1849 1689 2086 1733 Herculeae
2144 1694 2364 1732 auctorum
2408 1690 2480 1744 qui
2553 1690 2648 1732 luce

227 1759 386 1803 clarior
432 1765 614 1816 apparet
653 1772 865 1803 consensu
907 1761 1164 1804 sententiam
1202 1761 1391 1804 breviter
1427 1761 1548 1815 ponit
1586 1761 1697 1803 hanc
1744 1762 1804 1817 (p.
1846 1762 1946 1812 38):
1987 1759 2210 1815 ,Equidem
2263 1775 2338 1803 eos
2390 1760 2448 1802 ad
2489 1759 2649 1803 fontem

228 1829 511 1884 antiquiorem
541 1829 681 1873 redire
713 1830 893 1885 conicio,
927 1843 1185 1885 quamquam
1217 1844 1313 1874 eum
1344 1832 1483 1885 ipsum
1514 1830 1705 1874 indicare
1737 1845 1822 1873 non
1852 1830 2023 1873 habeo.‘

442 1912 491 1955 In
522 1915 641 1967 tanto
675 1926 770 1956 cum
801 1912 930 1957 totius
963 1913 1221 1956 narrationis
1258 1919 1347 1957 tum
1384 1914 1638 1957 minutarum
1676 1927 1843 1969 quoque
1883 1927 2021 1957 rerum
2064 1918 2272 1957 concentu
2313 1913 2414 1967 quin
2456 1913 2650 1956 omnibus

229 1983 373 2026 nobile
406 1982 582 2038 aliquod
614 1983 856 2039 exemplum
887 1984 1153 2039 propositum
1185 1984 1358 2039 fuerit2)‚
1401 1984 1588 2027 dubitari
1615 1998 1682 2027 me
1709 1997 1878 2039 quoque
1905 1984 2045 2027 iudice
2072 1983 2243 2026 omnino
2266 1996 2352 2026 non
2379 1983 2491 2038 licet,
2524 1983 2649 2026 nimis

227 2066 330 2097 vero
362 2053 507 2097 audax
539 2067 594 2097 ne
616 2053 768 2097 videar
789 2068 951 2110 vereor,
985 2069 1040 2098 ex
1072 2055 1190 2098 cuius
1222 2056 1384 2111 gremio
1417 2061 1630 2111 prognata
1662 2056 1745 2099 sint
1775 2056 1850 2098 illa
1876 2055 2018 2098 omnia
2045 2055 2270 2098 enucleare
2295 2054 2383 2097 iam
2409 2058 2649 2098 conaturus.

443 2137 495 2179 A.
527 2136 830 2194 Kiesslingius‚
864 2151 987 2194 quem
1019 2139 1063 2181 in
1090 2138 1291 2195 Dionysii
1322 2143 1413 2183 arte
1445 2138 1650 2183 historica
1691 2138 1914 2194 pensanda
1960 2137 2231 2195 peregrinum
2274 2142 2401 2193 atque
2439 2136 2650 2193 hospitem

231 2221 355 2250 nemo
387 2213 526 2263 vocet,
572 2209 668 2264 „De
709 2209 892 2264 Dionysi
930 2210 1254 2253 Halicarnassei
1293 2211 1592 2264 antiquitatum
1623 2209 1866 2252 auctoribus
1898 2209 2093 2264 Latinis‘,
2132 2209 2249 2264 Lips.
2286 2210 2414 2263 1858,
2448 2208 2501 2250 de
2533 2207 2648 2250 fonte

229 2279 343 2322 unde
375 2278 678 2335 Dionysius
709 2285 899 2323 nostram
930 2280 1122 2324 fabulam
1153 2281 1345 2324 hauserit
1376 2281 1537 2324 iudicat
1570 2281 1632 2323 sic
1665 2281 1722 2335 (p.
1755 2282 1849 2332 39):
1882 2280 2134 2335 ,Euandri
2166 2279 2531 2334 Herculisque
2563 2292 2649 2321 res

230 2356 454 2406 gestae,
496 2350 539 2393 in
585 2351 737 2405 quibus
787 2352 1037 2395 enarrandis
1085 2353 1259 2407 saepius
1302 2357 1499 2395 auctores
1533 2351 1714 2395 Romani
1747 2351 1997 2406 excitantur,
2046 2355 2091 2392 ut
2122 2351 2319 2406 ἑξηκοστῷ
2364 2351 2532 2405 μάλιστα
2574 2348 2649 2390 ἔτει

229 2421 416 2479 πρότερον
477 2426 554 2465 τῶν
617 2420 804 2478 Τρωικῶν
867 2426 920 2470 ὡς
981 2425 1090 2466 αὑτοὶ
1149 2422 1338 2480 Ῥωμαῖοι
1400 2423 1574 2478 λέγουσιν
1637 2423 1690 2479 (Ι,
1743 2425 1828 2478 31),
1904 2422 2004 2477 quin
2065 2422 2295 2464 maximam
2369 2426 2533 2476 partem
2597 2435 2650 2464 ex

231 2494 497 2537 Varronis
541 2494 841 2549 antiquitatum
881 2494 1001 2538 libris
1045 2500 1242 2550 sumptae
1282 2495 1365 2537 sint
1393 2494 1499 2549 (scil.
1534 2509 1561 2537 a
1594 2494 1836 2550 Dionysio),
1879 2493 2018 2536 nullus
2068 2493 2228 2548 dubito,
2283 2492 2362 2535 sed
2410 2492 2649 2535 accuratius

231 2579 285 2609 ca
315 2565 517 2621 persequi
548 2578 661 2608 nunc
693 2565 985 2620 supersedeo.‘
1049 2566 1249 2609 Graviter
1281 2566 1511 2609 dolendum
1544 2570 1622 2621 est,
1669 2564 1784 2620 quod
1815 2564 1879 2607 vir
1916 2564 2066 2607 doctus
2104 2563 2202 2606 huic
2246 2564 2308 2606 rei
2349 2563 2648 2606 retractandae

230 2636 324 2692 ipse
368 2634 513 2680 defuit.
580 2636 726 2680 Paene
768 2641 911 2680 autem
950 2636 1229 2693 profligarunt
1266 2637 1423 2681 nostris
1461 2637 1612 2680 diebus
1650 2636 1762 2679 hanc
1799 2635 2093 2690 quaestionem
2134 2635 2304 2678 Samter
2344 2634 2649 2689 (Quaestiones

233 2707 541 2763 Varronianae,
594 2707 781 2752 Berolin.
837 2709 968 2762 1891)
1007 2713 1049 2752 et
1093 2708 1281 2752 Geffken
1329 2708 1488 2760 (Herm.
1534 2713 1634 2751 tom.
1679 2706 1859 2762 XXVII,
1916 2706 2065 2749 Philol.
2118 2705 2285 2749 Unters.
2329 2705 2449 2760 XIII,
2507 2708 2648 2761 1892),

233 2784 275 2822 et
336 2779 430 2835 ipse
479 2779 700 2823 Jacobson
742 2779 868 2835 (,Das
916 2780 1157 2823 Verhiiltnis
1211 2779 1290 2823 des
1344 2779 1510 2836 Dionys
1562 2793 1645 2823 von
1701 2778 1983 2821 Halicarnass
2035 2790 2086 2820 zu
2137 2778 2271 2820 Varro
2323 2777 2366 2819 in
2418 2776 2494 2820 der
2550 2777 2650 2820 Vor-

232 2850 480 2907 geschichte
521 2850 680 2907 Roms‘,
719 2850 867 2906 Progr.
906 2850 1059 2895 Dresd.
1101 2849 1248 2908 1895),
1282 2863 1377 2893 cum
1408 2850 1623 2906 ceteroqui
1657 2848 1891 2904 Kiesslingi
1930 2848 1985 2892 de
2024 2849 2214 2892 Varrone
2246 2847 2445 2903 Dionysii
2476 2851 2649 2891 auctore

233 2921 474 2965 sententiae
505 2921 616 2965 iusto
647 2921 738 2965 iure
769 2921 941 2965 modum
965 2922 1149 2977 aliquem
1177 2922 1481 2977 imponendum
1508 2926 1695 2976 censeat,
1728 2921 1772 2962 in
1793 2920 1889 2963 hac
1915 2920 1969 2963 de
1992 2920 2174 2962 Hercule
2197 2920 2397 2973 Cacoquc
2420 2923 2543 2974 parte
2564 2931 2650 2961 non

448 3062 476 3107 ¹)
514 3062 560 3098 cf.
586 3062 693 3108 Verg.
719 3064 810 3099 Aen.
836 3062 938 3106 VIII,
965 3065 1050 3098 262:

1018 3122 1201 3167 ‚Panditur
1227 3121 1405 3167 extemplo
1430 3122 1564 3158 foribus
1588 3122 1713 3157 domus
1738 3123 1815 3157 atra
1839 3120 2009 3157 revolsis.‘

448 3193 477 3242 ¹)
514 3193 585 3230 Pro
616 3195 713 3229 certo
751 3195 867 3239 potest
896 3194 1070 3230 affirmari
1102 3205 1169 3231 nec
1200 3193 1340 3230 Livium
1372 3204 1393 3229 a
1422 3193 1602 3239 Dionysio,
1638 3203 1704 3229 nec
1729 3191 1939 3238 Dionysium
1975 3203 1996 3228 a
2019 3191 2119 3228 Livio
2150 3192 2188 3228 in
2221 3203 2322 3228 usum
2355 3193 2516 3228 vocatum
2553 3200 2648 3236 esse3

234 3266 267 3291 v.
292 3254 454 3299 inprimis
479 3253 517 3289 F.
545 3253 761 3298 Lachmann,
787 3253 842 3289 De
867 3253 1024 3289 fontibus
1048 3254 1274 3289 historiarum
1300 3253 1335 3289 Τ.
1362 3253 1463 3298 Livii,
1490 3254 1643 3299 Gotting.
1675 3254 1776 3288 1821.
1814 3251 1844 3287 I.
1872 3262 1903 3293 p.
1931 3255 1987 3288 45.
