<?xml version="1.0" encoding="UTF-8"?>
<!DOCTYPE html PUBLIC "-//W3C//DTD XHTML 1.0 Transitional//EN"
    "http://www.w3.org/TR/xhtml1/DTD/xhtml1-transitional.dtd">
<html xmlns="http://www.w3.org/1999/xhtml" xml:lang="en" lang="en">
 <head>
  <title>
</title>
<meta http-equiv="Content-Type" content="text/html;charset=utf-8" />
  <meta name='ocr-system' content='tesseract 3.04.00' />
  <meta name='ocr-capabilities' content='ocr_page ocr_carea ocr_par ocr_line ocrx_word'/>
</head>
<body>
  <div class='ocr_page' id='page_1' title='image "4770470_0014.png"; bbox 0 0 2895 3832; ppageno 0'>
   <div class='ocr_carea' id='block_1_1' title="bbox 1462 154 1488 193">
    <p class='ocr_par' dir='ltr' id='par_1_1' title="bbox 1462 154 1488 193">
     <span class='ocr_line' id='line_1_1' title="bbox 1462 154 1488 193; baseline 0 0"><span class='ocrx_word' id='word_1_1' title='bbox 1462 154 1488 193; x_wconf 90' lang='lat'>6</span> 
     </span>
    </p>
   </div>
   <div class='ocr_carea' id='block_1_2' title="bbox 1372 211 1583 216">
    <p class='ocr_par' dir='ltr' id='par_1_2' title="bbox 1372 211 1583 216">
     <span class='ocr_line' id='line_1_2' title="bbox 1372 211 1583 216; baseline 0 0"><span class='ocrx_word' id='word_1_2' title='bbox 1372 211 1583 216; x_wconf 95' lang='lat' dir='ltr'><strong> </strong></span> 
     </span>
    </p>
   </div>
   <div class='ocr_carea' id='block_1_3' title="bbox 267 290 2692 419">
    <p class='ocr_par' dir='ltr' id='par_1_3' title="bbox 267 290 2692 419">
     <span class='ocr_line' id='line_1_3' title="bbox 267 290 2692 347; baseline -0 -13"><span class='ocrx_word' id='word_1_3' title='bbox 267 291 330 335; x_wconf 87' lang='lat' dir='ltr'><strong>Ac</strong></span> <span class='ocrx_word' id='word_1_4' title='bbox 365 304 504 335; x_wconf 88' lang='lat' dir='ltr'><strong>rerum</strong></span> <span class='ocrx_word' id='word_1_5' title='bbox 541 294 585 335; x_wconf 88' lang='lat' dir='ltr'><strong>et</strong></span> <span class='ocrx_word' id='word_1_6' title='bbox 622 291 958 347; x_wconf 81' lang='lat' dir='ltr'><strong>appellationum</strong></span> <span class='ocrx_word' id='word_1_7' title='bbox 993 290 1181 346; x_wconf 79' lang='lat' dir='ltr'>origines</span> <span class='ocrx_word' id='word_1_8' title='bbox 1217 291 1539 347; x_wconf 88' lang='lat' dir='ltr'><strong>veriloquiaque</strong></span> <span class='ocrx_word' id='word_1_9' title='bbox 1572 295 1809 336; x_wconf 79' lang='lat' dir='ltr'><strong>sectantem</strong></span> <span class='ocrx_word' id='word_1_10' title='bbox 1840 296 2014 346; x_wconf 89' lang='lat' dir='ltr'><strong>poetam</strong></span> <span class='ocrx_word' id='word_1_11' title='bbox 2045 290 2274 334; x_wconf 84' lang='lat' dir='ltr'><strong>secundum</strong></span> <span class='ocrx_word' id='word_1_12' title='bbox 2308 290 2559 336; x_wconf 72' lang='lat' dir='ltr'><strong>Callimachi</strong></span> <span class='ocrx_word' id='word_1_13' title='bbox 2591 292 2692 334; x_wconf 86' lang='lat' dir='ltr'><strong>rati-</strong></span> 
     </span>
     <span class='ocr_line' id='line_1_4' title="bbox 267 362 1113 419; baseline 0 -13"><span class='ocrx_word' id='word_1_14' title='bbox 267 375 393 406; x_wconf 90' lang='lat' dir='ltr'><strong>onem</strong></span> <span class='ocrx_word' id='word_1_15' title='bbox 425 376 490 407; x_wconf 84' lang='lat' dir='ltr'><strong>ex.</strong></span> <span class='ocrx_word' id='word_1_16' title='bbox 523 377 585 418; x_wconf 87' lang='lat' dir='ltr'><strong>gr.</strong></span> <span class='ocrx_word' id='word_1_17' title='bbox 618 362 756 407; x_wconf 86' lang='lat' dir='ltr'><strong>habes</strong></span> <span class='ocrx_word' id='word_1_18' title='bbox 787 378 822 407; x_wconf 89' lang='lat' dir='ltr'><strong>c.</strong></span> <span class='ocrx_word' id='word_1_19' title='bbox 854 363 909 419; x_wconf 84' lang='grc' dir='ltr'><strong>ΙΙ,</strong></span> <span class='ocrx_word' id='word_1_20' title='bbox 941 364 998 406; x_wconf 89' lang='grc'><strong>49</strong></span> <span class='ocrx_word' id='word_1_21' title='bbox 1030 376 1113 418; x_wconf 90' lang='lat' dir='ltr'><strong>sq.:</strong></span> 
     </span>
    </p>
   </div>
   <div class='ocr_carea' id='block_1_4' title="bbox 480 457 2110 938">
    <p class='ocr_par' dir='ltr' id='par_1_4' title="bbox 480 457 2110 938">
     <span class='ocr_line' id='line_1_5' title="bbox 909 457 2022 514; baseline 0 -15"><span class='ocrx_word' id='word_1_22' title='bbox 909 457 978 511; x_wconf 87' lang='lat' dir='ltr'><strong>‚Et</strong></span> <span class='ocrx_word' id='word_1_23' title='bbox 1009 462 1067 512; x_wconf 87' lang='lat' dir='ltr'><strong>tu,</strong></span> <span class='ocrx_word' id='word_1_24' title='bbox 1100 458 1250 509; x_wconf 92' lang='lat' dir='ltr'><strong>Roma,</strong></span> <span class='ocrx_word' id='word_1_25' title='bbox 1284 459 1391 502; x_wconf 86' lang='lat' dir='ltr'><strong>meis</strong></span> <span class='ocrx_word' id='word_1_26' title='bbox 1421 459 1604 501; x_wconf 77' lang='lat' dir='ltr'>tribuisti</span> <span class='ocrx_word' id='word_1_27' title='bbox 1636 458 1826 514; x_wconf 87' lang='lat' dir='ltr'><strong>praemia</strong></span> <span class='ocrx_word' id='word_1_28' title='bbox 1855 458 2022 513; x_wconf 80' lang='lat' dir='ltr'><strong>Tuscis,</strong></span> 
     </span>
     <span class='ocr_line' id='line_1_6' title="bbox 909 527 1937 573; baseline 0 -2"><span class='ocrx_word' id='word_1_29' title='bbox 909 527 1033 572; x_wconf 87' lang='lat' dir='ltr'><strong>Unde</strong></span> <span class='ocrx_word' id='word_1_30' title='bbox 1066 528 1196 573; x_wconf 90' lang='lat' dir='ltr'><strong>hodie</strong></span> <span class='ocrx_word' id='word_1_31' title='bbox 1228 529 1347 573; x_wconf 84' lang='lat' dir='ltr'><strong>vicus</strong></span> <span class='ocrx_word' id='word_1_32' title='bbox 1378 529 1552 572; x_wconf 91' lang='lat' dir='ltr'><strong>nomina</strong></span> <span class='ocrx_word' id='word_1_33' title='bbox 1582 530 1746 572; x_wconf 80' lang='lat' dir='ltr'>Tuscus</span> <span class='ocrx_word' id='word_1_34' title='bbox 1776 528 1937 571; x_wconf 85' lang='lat' dir='ltr'><strong>habet!‘</strong></span> 
     </span>
     <span class='ocr_line' id='line_1_7' title="bbox 481 600 732 654; baseline 0 -12"><span class='ocrx_word' id='word_1_35' title='bbox 481 614 516 643; x_wconf 91' lang='lat' dir='ltr'><strong>c.</strong></span> <span class='ocrx_word' id='word_1_36' title='bbox 549 600 620 654; x_wconf 85' lang='lat' dir='ltr'><strong>IV,</strong></span> <span class='ocrx_word' id='word_1_37' title='bbox 654 601 732 642; x_wconf 88' lang='lat'><strong>93:</strong></span> 
     </span>
     <span class='ocr_line' id='line_1_8' title="bbox 906 669 2082 726; baseline -0.001 -14"><span class='ocrx_word' id='word_1_38' title='bbox 906 671 956 725; x_wconf 89' lang='lat' dir='ltr'><strong>,A</strong></span> <span class='ocrx_word' id='word_1_39' title='bbox 989 669 1097 713; x_wconf 91' lang='lat' dir='ltr'><strong>duce</strong></span> <span class='ocrx_word' id='word_1_40' title='bbox 1130 671 1319 726; x_wconf 87' lang='lat' dir='ltr'><strong>Tarpeia</strong></span> <span class='ocrx_word' id='word_1_41' title='bbox 1351 683 1472 712; x_wconf 87' lang='lat' dir='ltr'><strong>mons</strong></span> <span class='ocrx_word' id='word_1_42' title='bbox 1505 676 1571 714; x_wconf 88' lang='lat' dir='ltr'><strong>est</strong></span> <span class='ocrx_word' id='word_1_43' title='bbox 1603 683 1841 725; x_wconf 82' lang='lat' dir='ltr'><strong>cognomen</strong></span> <span class='ocrx_word' id='word_1_44' title='bbox 1873 669 2082 725; x_wconf 88' lang='lat' dir='ltr'><strong>adeptus.‘</strong></span> 
     </span>
     <span class='ocr_line' id='line_1_9' title="bbox 480 740 793 797; baseline -0.003 -12"><span class='ocrx_word' id='word_1_45' title='bbox 480 753 516 785; x_wconf 84' lang='lat' dir='ltr'><strong>c.</strong></span> <span class='ocrx_word' id='word_1_46' title='bbox 550 740 625 796; x_wconf 86' lang='lat' dir='ltr'><strong>IX,</strong></span> <span class='ocrx_word' id='word_1_47' title='bbox 658 742 685 783; x_wconf 81' lang='grc'>5</span> <span class='ocrx_word' id='word_1_48' title='bbox 718 753 793 797; x_wconf 82' lang='lat' dir='ltr'><strong>sq:</strong></span> 
     </span>
     <span class='ocr_line' id='line_1_10' title="bbox 911 811 2110 868; baseline 0 -13"><span class='ocrx_word' id='word_1_49' title='bbox 911 811 1022 868; x_wconf 82' lang='lat' dir='ltr'><strong>‚Qua</strong></span> <span class='ocrx_word' id='word_1_50' title='bbox 1056 813 1300 856; x_wconf 91' lang='lat' dir='ltr'><strong>Velabra</strong></span> <span class='ocrx_word' id='word_1_51' title='bbox 1332 825 1409 856; x_wconf 91' lang='lat' dir='ltr'><strong>suo</strong></span> <span class='ocrx_word' id='word_1_52' title='bbox 1443 813 1705 867; x_wconf 79' lang='lat' dir='ltr'><strong>stagnabant</strong></span> <span class='ocrx_word' id='word_1_53' title='bbox 1735 811 1906 855; x_wconf 90' lang='lat' dir='ltr'><strong>flumine</strong></span> <span class='ocrx_word' id='word_1_54' title='bbox 1939 824 2110 866; x_wconf 89' lang='lat' dir='ltr'><strong>quaque</strong></span> 
     </span>
     <span class='ocr_line' id='line_1_11' title="bbox 911 883 1938 938; baseline 0 -13"><span class='ocrx_word' id='word_1_55' title='bbox 911 883 1055 925; x_wconf 86' lang='lat' dir='ltr'><strong>Nauta</strong></span> <span class='ocrx_word' id='word_1_56' title='bbox 1085 896 1162 938; x_wconf 88' lang='lat' dir='ltr'><strong>per</strong></span> <span class='ocrx_word' id='word_1_57' title='bbox 1195 883 1383 926; x_wconf 89' lang='lat' dir='ltr'><strong>urbanas</strong></span> <span class='ocrx_word' id='word_1_58' title='bbox 1416 883 1755 926; x_wconf 85' lang='lat' dir='ltr'><strong>velificabat</strong></span> <span class='ocrx_word' id='word_1_59' title='bbox 1776 884 1938 937; x_wconf 90' lang='lat' dir='ltr'><strong>aquas.‘</strong></span> 
     </span>
    </p>
   </div>
   <div class='ocr_carea' id='block_1_5' title="bbox 476 953 2116 1500">
    <p class='ocr_par' dir='ltr' id='par_1_5' title="bbox 477 953 2116 1209">
     <span class='ocr_line' id='line_1_12' title="bbox 477 953 827 1008; baseline 0.003 -13"><span class='ocrx_word' id='word_1_60' title='bbox 477 967 511 995; x_wconf 91' lang='lat' dir='ltr'><strong>c.</strong></span> <span class='ocrx_word' id='word_1_61' title='bbox 546 953 598 1008; x_wconf 86' lang='lat'><strong>11,</strong></span> <span class='ocrx_word' id='word_1_62' title='bbox 637 955 691 996; x_wconf 90' lang='grc'><strong>10</strong></span> <span class='ocrx_word' id='word_1_63' title='bbox 712 966 827 1008; x_wconf 89' lang='lat' dir='ltr'><strong>sqq.:</strong></span> 
     </span>
     <span class='ocr_line' id='line_1_13' title="bbox 908 1023 1986 1067; baseline 0 -1"><span class='ocrx_word' id='word_1_64' title='bbox 908 1024 1250 1067; x_wconf 82' lang='lat' dir='ltr'><strong>Vertumnus</strong></span> <span class='ocrx_word' id='word_1_65' title='bbox 1282 1037 1446 1067; x_wconf 89' lang='lat' dir='ltr'><strong>verso</strong></span> <span class='ocrx_word' id='word_1_66' title='bbox 1479 1023 1600 1067; x_wconf 85' lang='lat' dir='ltr'><strong>dicor</strong></span> <span class='ocrx_word' id='word_1_67' title='bbox 1631 1025 1687 1067; x_wconf 90' lang='lat' dir='ltr'><strong>ab</strong></span> <span class='ocrx_word' id='word_1_68' title='bbox 1720 1037 1845 1067; x_wconf 89' lang='lat' dir='ltr'><strong>amne</strong></span> <span class='ocrx_word' id='word_1_69' title='bbox 1878 1023 1986 1066; x_wconf 90' lang='lat' dir='ltr'><strong>deus</strong></span> 
     </span>
     <span class='ocr_line' id='line_1_14' title="bbox 906 1093 2116 1150; baseline -0.001 -13"><span class='ocrx_word' id='word_1_70' title='bbox 906 1095 1005 1146; x_wconf 88' lang='lat' dir='ltr'><strong>Seu,</strong></span> <span class='ocrx_word' id='word_1_71' title='bbox 1039 1094 1141 1148; x_wconf 91' lang='lat' dir='ltr'><strong>quia</strong></span> <span class='ocrx_word' id='word_1_72' title='bbox 1172 1094 1449 1138; x_wconf 90' lang='lat' dir='ltr'><strong>vertentis</strong></span> <span class='ocrx_word' id='word_1_73' title='bbox 1472 1093 1653 1138; x_wconf 84' lang='lat' dir='ltr'><strong>fructum</strong></span> <span class='ocrx_word' id='word_1_74' title='bbox 1674 1094 1968 1150; x_wconf 81' lang='lat' dir='ltr'><strong>praecepimus</strong></span> <span class='ocrx_word' id='word_1_75' title='bbox 2000 1095 2116 1149; x_wconf 89' lang='lat' dir='ltr'><strong>anni,</strong></span> 
     </span>
     <span class='ocr_line' id='line_1_15' title="bbox 906 1164 1915 1209; baseline -0.001 -1"><span class='ocrx_word' id='word_1_76' title='bbox 906 1165 1180 1208; x_wconf 84' lang='lat' dir='ltr'><strong>Vertumni</strong></span> <span class='ocrx_word' id='word_1_77' title='bbox 1211 1178 1354 1208; x_wconf 91' lang='lat' dir='ltr'><strong>rursus</strong></span> <span class='ocrx_word' id='word_1_78' title='bbox 1386 1164 1560 1208; x_wconf 87' lang='lat' dir='ltr'><strong>creditis</strong></span> <span class='ocrx_word' id='word_1_79' title='bbox 1593 1178 1691 1209; x_wconf 87' lang='lat' dir='ltr'><strong>esse</strong></span> <span class='ocrx_word' id='word_1_80' title='bbox 1723 1166 1915 1209; x_wconf 87' lang='lat' dir='ltr'><strong>sacrum.‘</strong></span> 
     </span>
    </p>

    <p class='ocr_par' dir='ltr' id='par_1_6' title="bbox 478 1239 2002 1432">
     <span class='ocr_line' id='line_1_16' title="bbox 478 1239 724 1291; baseline 0 -12"><span class='ocrx_word' id='word_1_81' title='bbox 478 1251 515 1280; x_wconf 90' lang='lat' dir='ltr'><strong>v.</strong></span> <span class='ocrx_word' id='word_1_82' title='bbox 549 1239 601 1279; x_wconf 83' lang='lat'><strong>21</strong></span> <span class='ocrx_word' id='word_1_83' title='bbox 641 1250 724 1291; x_wconf 88' lang='lat' dir='ltr'><strong>sq.:</strong></span> 
     </span>
     <span class='ocr_line' id='line_1_17' title="bbox 903 1306 1977 1362; baseline -0.001 -12"><span class='ocrx_word' id='word_1_84' title='bbox 903 1307 1170 1362; x_wconf 89' lang='lat' dir='ltr'><strong>,Opportuna</strong></span> <span class='ocrx_word' id='word_1_85' title='bbox 1203 1320 1300 1349; x_wconf 88' lang='lat' dir='ltr'><strong>mea</strong></span> <span class='ocrx_word' id='word_1_86' title='bbox 1331 1311 1397 1350; x_wconf 91' lang='lat' dir='ltr'><strong>est</strong></span> <span class='ocrx_word' id='word_1_87' title='bbox 1427 1306 1593 1350; x_wconf 88' lang='lat' dir='ltr'><strong>cunctis</strong></span> <span class='ocrx_word' id='word_1_88' title='bbox 1625 1311 1777 1349; x_wconf 83' lang='lat' dir='ltr'><strong>natura</strong></span> <span class='ocrx_word' id='word_1_89' title='bbox 1808 1306 1977 1361; x_wconf 87' lang='lat' dir='ltr'><strong>figuris:</strong></span> 
     </span>
     <span class='ocr_line' id='line_1_18' title="bbox 905 1376 2002 1432; baseline 0.001 -12"><span class='ocrx_word' id='word_1_90' title='bbox 905 1377 953 1419; x_wconf 91' lang='lat' dir='ltr'><strong>In</strong></span> <span class='ocrx_word' id='word_1_91' title='bbox 987 1390 1297 1432; x_wconf 87' lang='lat' dir='ltr'><strong>quamcumque</strong></span> <span class='ocrx_word' id='word_1_92' title='bbox 1329 1377 1448 1420; x_wconf 87' lang='lat' dir='ltr'><strong>voles</strong></span> <span class='ocrx_word' id='word_1_93' title='bbox 1480 1382 1655 1432; x_wconf 88' lang='lat' dir='ltr'><strong>verte,</strong></span> <span class='ocrx_word' id='word_1_94' title='bbox 1688 1376 1870 1421; x_wconf 88' lang='lat' dir='ltr'><strong>decorus</strong></span> <span class='ocrx_word' id='word_1_95' title='bbox 1902 1379 2002 1422; x_wconf 86' lang='lat' dir='ltr'><strong>ero.‘</strong></span> 
     </span>
    </p>

    <p class='ocr_par' dir='ltr' id='par_1_7' title="bbox 476 1451 1824 1500">
     <span class='ocr_line' id='line_1_19' title="bbox 476 1451 1824 1500; baseline 0 -10"><span class='ocrx_word' id='word_1_96' title='bbox 476 1462 513 1491; x_wconf 76' lang='lat' dir='ltr'><strong>v,</strong></span> <span class='ocrx_word' id='word_1_97' title='bbox 547 1451 603 1490; x_wconf 82' lang='lat'><strong>47</strong></span> <span class='ocrx_word' id='word_1_98' title='bbox 643 1462 710 1500; x_wconf 82' lang='lat' dir='ltr'><strong>sq:</strong></span> <span class='ocrx_word' id='word_1_99' title='bbox 1822 1459 1824 1461; x_wconf 84' lang='grc'><strong>’</strong></span> 
     </span>
    </p>
   </div>
   <div class='ocr_carea' id='block_1_6' title="bbox 443 1518 2158 1858">
    <p class='ocr_par' dir='ltr' id='par_1_8' title="bbox 905 1518 2158 1646">
     <span class='ocr_line' id='line_1_20' title="bbox 906 1518 2158 1573; baseline 0.002 -14"><span class='ocrx_word' id='word_1_100' title='bbox 906 1520 975 1573; x_wconf 87' lang='lat' dir='ltr'><strong>‚At</strong></span> <span class='ocrx_word' id='word_1_101' title='bbox 1006 1518 1122 1573; x_wconf 83' lang='lat' dir='ltr'><strong>mihi,</strong></span> <span class='ocrx_word' id='word_1_102' title='bbox 1156 1518 1271 1572; x_wconf 90' lang='lat' dir='ltr'><strong>quod</strong></span> <span class='ocrx_word' id='word_1_103' title='bbox 1302 1518 1462 1561; x_wconf 86' lang='lat' dir='ltr'><strong>formas</strong></span> <span class='ocrx_word' id='word_1_104' title='bbox 1494 1530 1600 1560; x_wconf 89' lang='lat' dir='ltr'><strong>unus</strong></span> <span class='ocrx_word' id='word_1_105' title='bbox 1633 1518 1887 1561; x_wconf 86' lang='lat' dir='ltr'><strong>vertebar</strong></span> <span class='ocrx_word' id='word_1_106' title='bbox 1919 1518 1962 1560; x_wconf 94' lang='lat' dir='ltr'><strong>in</strong></span> <span class='ocrx_word' id='word_1_107' title='bbox 1994 1531 2158 1573; x_wconf 90' lang='lat' dir='ltr'><strong>omnes,</strong></span> 
     </span>
     <span class='ocr_line' id='line_1_21' title="bbox 905 1589 1875 1646; baseline 0.001 -15"><span class='ocrx_word' id='word_1_108' title='bbox 905 1589 1073 1632; x_wconf 87' lang='lat' dir='ltr'><strong>Nomen</strong></span> <span class='ocrx_word' id='word_1_109' title='bbox 1106 1589 1161 1632; x_wconf 89' lang='lat' dir='ltr'><strong>ab</strong></span> <span class='ocrx_word' id='word_1_110' title='bbox 1195 1594 1349 1632; x_wconf 87' lang='lat' dir='ltr'><strong>eventu</strong></span> <span class='ocrx_word' id='word_1_111' title='bbox 1380 1589 1520 1646; x_wconf 88' lang='lat' dir='ltr'><strong>patria</strong></span> <span class='ocrx_word' id='word_1_112' title='bbox 1551 1589 1698 1645; x_wconf 88' lang='lat' dir='ltr'><strong>lingua</strong></span> <span class='ocrx_word' id='word_1_113' title='bbox 1731 1589 1875 1634; x_wconf 88' lang='lat' dir='ltr'><strong>dedit.‘</strong></span> 
     </span>
    </p>

    <p class='ocr_par' dir='ltr' id='par_1_9' title="bbox 477 1661 2079 1716">
     <span class='ocr_line' id='line_1_22' title="bbox 477 1661 2079 1716; baseline 0.001 -13"><span class='ocrx_word' id='word_1_114' title='bbox 477 1661 602 1712; x_wconf 84' lang='lat' dir='ltr'><strong>Quod</strong></span> <span class='ocrx_word' id='word_1_115' title='bbox 635 1661 871 1716; x_wconf 83' lang='lat' dir='ltr'><strong>elegiarum</strong></span> <span class='ocrx_word' id='word_1_116' title='bbox 905 1662 1127 1704; x_wconf 88' lang='lat' dir='ltr'><strong>consilium</strong></span> <span class='ocrx_word' id='word_1_117' title='bbox 1161 1662 1369 1704; x_wconf 87' lang='lat' dir='ltr'><strong>subsonat</strong></span> <span class='ocrx_word' id='word_1_118' title='bbox 1399 1662 1443 1703; x_wconf 92' lang='lat' dir='ltr'><strong>in</strong></span> <span class='ocrx_word' id='word_1_119' title='bbox 1476 1662 1667 1704; x_wconf 89' lang='lat' dir='ltr'><strong>eiusdem</strong></span> <span class='ocrx_word' id='word_1_120' title='bbox 1699 1662 1899 1704; x_wconf 82' lang='lat' dir='ltr'><strong>carminis</strong></span> <span class='ocrx_word' id='word_1_121' title='bbox 1933 1662 2079 1705; x_wconf 85' lang='lat' dir='ltr'><strong>initio:</strong></span> 
     </span>
    </p>

    <p class='ocr_par' dir='ltr' id='par_1_10' title="bbox 443 1721 2096 1858">
     <span class='ocr_line' id='line_1_23' title="bbox 443 1721 2096 1788; baseline 0.001 -15"><span class='ocrx_word' id='word_1_122' title='bbox 443 1721 448 1725; x_wconf 60' lang='grc'><strong><em>’</em></strong></span> <span class='ocrx_word' id='word_1_123' title='bbox 904 1732 1033 1786; x_wconf 87' lang='lat' dir='ltr'><strong>,Quid</strong></span> <span class='ocrx_word' id='word_1_124' title='bbox 1064 1732 1220 1775; x_wconf 88' lang='lat' dir='ltr'><strong>mirare</strong></span> <span class='ocrx_word' id='word_1_125' title='bbox 1252 1745 1373 1774; x_wconf 88' lang='lat' dir='ltr'><strong>meas</strong></span> <span class='ocrx_word' id='word_1_126' title='bbox 1405 1737 1467 1775; x_wconf 91' lang='lat' dir='ltr'><strong>tot</strong></span> <span class='ocrx_word' id='word_1_127' title='bbox 1497 1733 1540 1774; x_wconf 90' lang='lat' dir='ltr'><strong>in</strong></span> <span class='ocrx_word' id='word_1_128' title='bbox 1572 1746 1655 1775; x_wconf 90' lang='lat' dir='ltr'><strong>uno</strong></span> <span class='ocrx_word' id='word_1_129' title='bbox 1687 1746 1865 1788; x_wconf 89' lang='lat' dir='ltr'><strong>corpore</strong></span> <span class='ocrx_word' id='word_1_130' title='bbox 1903 1733 2096 1775; x_wconf 78' lang='lat' dir='ltr'><strong>formas?</strong></span> 
     </span>
     <span class='ocr_line' id='line_1_24' title="bbox 902 1803 1826 1858; baseline 0.001 -13"><span class='ocrx_word' id='word_1_131' title='bbox 902 1803 1060 1857; x_wconf 80' lang='lat' dir='ltr'><strong>Accipe</strong></span> <span class='ocrx_word' id='word_1_132' title='bbox 1095 1803 1311 1845; x_wconf 87' lang='lat' dir='ltr'><strong>Vertumni</strong></span> <span class='ocrx_word' id='word_1_133' title='bbox 1344 1803 1470 1857; x_wconf 89' lang='lat' dir='ltr'><strong>signa</strong></span> <span class='ocrx_word' id='word_1_134' title='bbox 1506 1809 1685 1858; x_wconf 85' lang='lat' dir='ltr'><strong>paterna</strong></span> <span class='ocrx_word' id='word_1_135' title='bbox 1717 1803 1826 1858; x_wconf 82' lang='lat' dir='ltr'><strong>dei3‘</strong></span> 
     </span>
    </p>
   </div>
   <div class='ocr_carea' id='block_1_7' title="bbox 260 1885 2678 2011">
    <p class='ocr_par' dir='ltr' id='par_1_11' title="bbox 260 1885 2678 2011">
     <span class='ocr_line' id='line_1_25' title="bbox 475 1885 2678 1942; baseline 0.001 -14"><span class='ocrx_word' id='word_1_136' title='bbox 475 1885 591 1940; x_wconf 90' lang='lat' dir='ltr'><strong>quod</strong></span> <span class='ocrx_word' id='word_1_137' title='bbox 625 1885 883 1928; x_wconf 89' lang='lat' dir='ltr'><strong>Kirchnerus</strong></span> <span class='ocrx_word' id='word_1_138' title='bbox 915 1891 1030 1929; x_wconf 89' lang='lat' dir='ltr'><strong>recte</strong></span> <span class='ocrx_word' id='word_1_139' title='bbox 1065 1886 1127 1928; x_wconf 85' lang='lat' dir='ltr'><strong>sic</strong></span> <span class='ocrx_word' id='word_1_140' title='bbox 1171 1885 1474 1941; x_wconf 89' lang='lat' dir='ltr'><strong>interpretatur</strong></span> <span class='ocrx_word' id='word_1_141' title='bbox 1503 1886 1586 1939; x_wconf 88' lang='grc'><strong>(1.1.</strong></span> <span class='ocrx_word' id='word_1_142' title='bbox 1622 1900 1661 1941; x_wconf 86' lang='lat' dir='ltr'><strong>p.</strong></span> <span class='ocrx_word' id='word_1_143' title='bbox 1698 1888 1787 1937; x_wconf 83' lang='lat'><strong>72):</strong></span> <span class='ocrx_word' id='word_1_144' title='bbox 1841 1886 2016 1942; x_wconf 83' lang='lat' dir='ltr'><strong>,Accipe</strong></span> <span class='ocrx_word' id='word_1_145' title='bbox 2061 1900 2246 1941; x_wconf 87' lang='lat' dir='ltr'><strong>causam,</strong></span> <span class='ocrx_word' id='word_1_146' title='bbox 2292 1900 2365 1929; x_wconf 92' lang='lat' dir='ltr'><strong>cur</strong></span> <span class='ocrx_word' id='word_1_147' title='bbox 2411 1891 2472 1929; x_wconf 88' lang='lat' dir='ltr'><strong>tot</strong></span> <span class='ocrx_word' id='word_1_148' title='bbox 2515 1887 2678 1930; x_wconf 86' lang='lat' dir='ltr'><strong>formae</strong></span> 
     </span>
     <span class='ocr_line' id='line_1_26' title="bbox 260 1956 1589 2011; baseline 0 -12"><span class='ocrx_word' id='word_1_149' title='bbox 260 1961 494 1999; x_wconf 88' lang='lat' dir='ltr'><strong>statuarum</strong></span> <span class='ocrx_word' id='word_1_150' title='bbox 526 1956 569 1999; x_wconf 92' lang='lat' dir='ltr'><strong>in</strong></span> <span class='ocrx_word' id='word_1_151' title='bbox 603 1970 685 1999; x_wconf 91' lang='lat' dir='ltr'><strong>uno</strong></span> <span class='ocrx_word' id='word_1_152' title='bbox 732 1957 949 1999; x_wconf 88' lang='lat' dir='ltr'><strong>Vertumni</strong></span> <span class='ocrx_word' id='word_1_153' title='bbox 981 1970 1160 2011; x_wconf 88' lang='lat' dir='ltr'><strong>corpore</strong></span> <span class='ocrx_word' id='word_1_154' title='bbox 1193 1957 1446 1999; x_wconf 90' lang='lat' dir='ltr'><strong>coniunctae</strong></span> <span class='ocrx_word' id='word_1_155' title='bbox 1480 1957 1589 1999; x_wconf 85' lang='lat' dir='ltr'><strong>sint.‘</strong></span> 
     </span>
    </p>
   </div>
   <div class='ocr_carea' id='block_1_8' title="bbox 475 2039 2444 2165">
    <p class='ocr_par' dir='ltr' id='par_1_12' title="bbox 475 2039 2444 2165">
     <span class='ocr_line' id='line_1_27' title="bbox 475 2039 2444 2094; baseline 0 -14"><span class='ocrx_word' id='word_1_156' title='bbox 475 2039 587 2090; x_wconf 85' lang='lat' dir='ltr'><strong>Quin</strong></span> <span class='ocrx_word' id='word_1_157' title='bbox 620 2039 751 2082; x_wconf 87' lang='lat' dir='ltr'><strong>etiam</strong></span> <span class='ocrx_word' id='word_1_158' title='bbox 785 2040 1047 2090; x_wconf 82' lang='lat' dir='ltr'><strong>,Causarum‘</strong></span> <span class='ocrx_word' id='word_1_159' title='bbox 1081 2039 1298 2093; x_wconf 82' lang='lat' dir='ltr'><strong>propriam</strong></span> <span class='ocrx_word' id='word_1_160' title='bbox 1331 2039 1686 2093; x_wconf 84' lang='lat' dir='ltr'><strong>significationem</strong></span> <span class='ocrx_word' id='word_1_161' title='bbox 1719 2040 1812 2094; x_wconf 86' lang='lat' dir='ltr'><strong>ipse</strong></span> <span class='ocrx_word' id='word_1_162' title='bbox 1844 2039 2021 2082; x_wconf 83' lang='lat' dir='ltr'><strong>adhibet</strong></span> <span class='ocrx_word' id='word_1_163' title='bbox 2053 2040 2210 2082; x_wconf 84' lang='lat' dir='ltr'><strong>Sextus</strong></span> <span class='ocrx_word' id='word_1_164' title='bbox 2241 2054 2275 2082; x_wconf 87' lang='lat' dir='ltr'><strong>c.</strong></span> <span class='ocrx_word' id='word_1_165' title='bbox 2311 2039 2364 2094; x_wconf 91' lang='lat' dir='ltr'><strong>X,</strong></span> <span class='ocrx_word' id='word_1_166' title='bbox 2403 2043 2444 2081; x_wconf 88' lang='lat'><strong>1:</strong></span> 
     </span>
     <span class='ocr_line' id='line_1_28' title="bbox 831 2109 1967 2165; baseline -0.001 -12"><span class='ocrx_word' id='word_1_167' title='bbox 831 2111 969 2165; x_wconf 85' lang='lat' dir='ltr'><strong>‚Nunc</strong></span> <span class='ocrx_word' id='word_1_168' title='bbox 1000 2110 1122 2153; x_wconf 87' lang='lat' dir='ltr'><strong>Jovis</strong></span> <span class='ocrx_word' id='word_1_169' title='bbox 1154 2109 1355 2165; x_wconf 89' lang='lat' dir='ltr'><strong>incipiam</strong></span> <span class='ocrx_word' id='word_1_170' title='bbox 1388 2124 1543 2153; x_wconf 89' lang='lat' dir='ltr'><strong>causas</strong></span> <span class='ocrx_word' id='word_1_171' title='bbox 1575 2110 1743 2165; x_wconf 89' lang='lat' dir='ltr'><strong>aperire</strong></span> <span class='ocrx_word' id='word_1_172' title='bbox 1779 2110 1967 2153; x_wconf 82' lang='lat' dir='ltr'><strong>Feretri.‘</strong></span> 
     </span>
    </p>
   </div>
   <div class='ocr_carea' id='block_1_9' title="bbox 473 2191 2184 2459">
    <p class='ocr_par' dir='ltr' id='par_1_13' title="bbox 473 2191 2184 2459">
     <span class='ocr_line' id='line_1_29' title="bbox 473 2191 1895 2247; baseline -0.001 -12"><span class='ocrx_word' id='word_1_173' title='bbox 473 2191 524 2235; x_wconf 86' lang='lat' dir='ltr'><strong>cf.</strong></span> <span class='ocrx_word' id='word_1_174' title='bbox 558 2207 593 2236; x_wconf 87' lang='lat' dir='ltr'><strong>v.</strong></span> <span class='ocrx_word' id='word_1_175' title='bbox 627 2194 684 2235; x_wconf 86' lang='lat'><strong>45</strong></span> <span class='ocrx_word' id='word_1_176' title='bbox 708 2206 826 2247; x_wconf 89' lang='lat' dir='ltr'><strong>sqq.:</strong></span> <span class='ocrx_word' id='word_1_177' title='bbox 1482 2205 1644 2235; x_wconf 87' lang='lat' dir='ltr'><strong>causa</strong></span> <span class='ocrx_word' id='word_1_178' title='bbox 1677 2193 1895 2246; x_wconf 83' lang='lat' dir='ltr'><strong>Feretri,</strong></span> 
     </span>
     <span class='ocr_line' id='line_1_30' title="bbox 901 2262 1965 2317; baseline 0 -11"><span class='ocrx_word' id='word_1_179' title='bbox 901 2262 1053 2306; x_wconf 88' lang='lat' dir='ltr'><strong>Omine</strong></span> <span class='ocrx_word' id='word_1_180' title='bbox 1088 2262 1202 2317; x_wconf 85' lang='lat' dir='ltr'><strong>quod</strong></span> <span class='ocrx_word' id='word_1_181' title='bbox 1234 2268 1351 2305; x_wconf 90' lang='lat' dir='ltr'><strong>certo</strong></span> <span class='ocrx_word' id='word_1_182' title='bbox 1384 2262 1469 2304; x_wconf 88' lang='lat' dir='ltr'><strong>dux</strong></span> <span class='ocrx_word' id='word_1_183' title='bbox 1502 2262 1523 2304; x_wconf 86' lang='lat' dir='ltr'>f</span> <span class='ocrx_word' id='word_1_184' title='bbox 1531 2263 1628 2305; x_wconf 91' lang='lat' dir='ltr'><strong>erit</strong></span> <span class='ocrx_word' id='word_1_185' title='bbox 1660 2276 1763 2305; x_wconf 89' lang='lat' dir='ltr'><strong>ense</strong></span> <span class='ocrx_word' id='word_1_186' title='bbox 1795 2262 1965 2312; x_wconf 73' lang='lat' dir='ltr'><strong>ducem:</strong></span> 
     </span>
     <span class='ocr_line' id='line_1_31' title="bbox 901 2334 2184 2389; baseline -0.001 -12"><span class='ocrx_word' id='word_1_187' title='bbox 901 2334 988 2377; x_wconf 87' lang='lat' dir='ltr'><strong>Seu</strong></span> <span class='ocrx_word' id='word_1_188' title='bbox 1020 2334 1121 2389; x_wconf 89' lang='lat' dir='ltr'><strong>quia</strong></span> <span class='ocrx_word' id='word_1_189' title='bbox 1153 2334 1266 2377; x_wconf 85' lang='lat' dir='ltr'><strong>victa</strong></span> <span class='ocrx_word' id='word_1_190' title='bbox 1298 2334 1386 2376; x_wconf 91' lang='lat' dir='ltr'><strong>suis</strong></span> <span class='ocrx_word' id='word_1_191' title='bbox 1418 2334 1573 2377; x_wconf 89' lang='lat' dir='ltr'><strong>umeris</strong></span> <span class='ocrx_word' id='word_1_192' title='bbox 1606 2335 1714 2376; x_wconf 87' lang='lat' dir='ltr'><strong>haec</strong></span> <span class='ocrx_word' id='word_1_193' title='bbox 1744 2348 1865 2377; x_wconf 89' lang='lat' dir='ltr'><strong>arma</strong></span> <span class='ocrx_word' id='word_1_194' title='bbox 1896 2334 2184 2385; x_wconf 85' lang='lat' dir='ltr'><strong>ferebant,</strong></span> 
     </span>
     <span class='ocr_line' id='line_1_32' title="bbox 901 2404 1987 2459; baseline 0.001 -12"><span class='ocrx_word' id='word_1_195' title='bbox 901 2405 1010 2448; x_wconf 90' lang='lat' dir='ltr'><strong>Hinc</strong></span> <span class='ocrx_word' id='word_1_196' title='bbox 1045 2405 1245 2448; x_wconf 86' lang='lat' dir='ltr'><strong>Feretri</strong></span> <span class='ocrx_word' id='word_1_197' title='bbox 1278 2404 1389 2447; x_wconf 84' lang='lat' dir='ltr'><strong>dieta</strong></span> <span class='ocrx_word' id='word_1_198' title='bbox 1421 2410 1486 2447; x_wconf 88' lang='lat' dir='ltr'><strong>est</strong></span> <span class='ocrx_word' id='word_1_199' title='bbox 1517 2419 1594 2447; x_wconf 89' lang='lat' dir='ltr'><strong>ara</strong></span> <span class='ocrx_word' id='word_1_200' title='bbox 1626 2405 1813 2459; x_wconf 83' lang='lat' dir='ltr'><strong>superba</strong></span> <span class='ocrx_word' id='word_1_201' title='bbox 1846 2405 1987 2448; x_wconf 89' lang='lat' dir='ltr'><strong>Iovis.‘</strong></span> 
     </span>
    </p>
   </div>
   <div class='ocr_carea' id='block_1_10' title="bbox 256 2499 2677 2980">
    <p class='ocr_par' dir='ltr' id='par_1_14' title="bbox 256 2499 2677 2980">
     <span class='ocr_line' id='line_1_33' title="bbox 477 2499 2677 2553; baseline -0 -12"><span class='ocrx_word' id='word_1_202' title='bbox 477 2500 624 2542; x_wconf 81' lang='lat' dir='ltr'><strong>Inesse</strong></span> <span class='ocrx_word' id='word_1_203' title='bbox 657 2499 784 2553; x_wconf 90' lang='lat' dir='ltr'><strong>igitur</strong></span> <span class='ocrx_word' id='word_1_204' title='bbox 816 2499 857 2541; x_wconf 89' lang='lat' dir='ltr'><strong>in</strong></span> <span class='ocrx_word' id='word_1_205' title='bbox 904 2499 1155 2553; x_wconf 85' lang='lat' dir='ltr'><strong>Hertzbergi</strong></span> <span class='ocrx_word' id='word_1_206' title='bbox 1190 2500 1366 2553; x_wconf 85' lang='lat' dir='ltr'><strong>eiusque</strong></span> <span class='ocrx_word' id='word_1_207' title='bbox 1406 2500 1666 2541; x_wconf 87' lang='lat' dir='ltr'><strong>asseclarum</strong></span> <span class='ocrx_word' id='word_1_208' title='bbox 1701 2499 1871 2553; x_wconf 82' lang='lat' dir='ltr'><strong>iudicio,</strong></span> <span class='ocrx_word' id='word_1_209' title='bbox 1914 2512 1987 2542; x_wconf 89' lang='lat' dir='ltr'><strong>cur</strong></span> <span class='ocrx_word' id='word_1_210' title='bbox 2025 2500 2063 2542; x_wconf 86' lang='lat' dir='ltr'><strong>ci</strong></span> <span class='ocrx_word' id='word_1_211' title='bbox 2097 2514 2181 2542; x_wconf 91' lang='lat' dir='ltr'><strong>non</strong></span> <span class='ocrx_word' id='word_1_212' title='bbox 2214 2500 2492 2553; x_wconf 65' lang='lat' dir='ltr'><strong>refragentur,</strong></span> <span class='ocrx_word' id='word_1_213' title='bbox 2534 2499 2677 2552; x_wconf 81' lang='lat' dir='ltr'><strong>negari</strong></span> 
     </span>
     <span class='ocr_line' id='line_1_34' title="bbox 258 2569 2676 2625; baseline -0.001 -12"><span class='ocrx_word' id='word_1_214' title='bbox 258 2570 414 2625; x_wconf 86' lang='lat' dir='ltr'><strong>nequit.</strong></span> <span class='ocrx_word' id='word_1_215' title='bbox 484 2569 597 2621; x_wconf 82' lang='lat' dir='ltr'><strong>Quid</strong></span> <span class='ocrx_word' id='word_1_216' title='bbox 651 2571 786 2613; x_wconf 79' lang='lat' dir='ltr'><strong>vero?</strong></span> <span class='ocrx_word' id='word_1_217' title='bbox 834 2569 1141 2613; x_wconf 87' lang='lat' dir='ltr'><strong>Luetiobannis</strong></span> <span class='ocrx_word' id='word_1_218' title='bbox 1187 2584 1313 2624; x_wconf 84' lang='lat' dir='ltr'><strong>quam</strong></span> <span class='ocrx_word' id='word_1_219' title='bbox 1361 2583 1629 2625; x_wconf 86' lang='lat' dir='ltr'><strong>summopere</strong></span> <span class='ocrx_word' id='word_1_220' title='bbox 1676 2570 1842 2612; x_wconf 87' lang='lat' dir='ltr'><strong>Cauero</strong></span> <span class='ocrx_word' id='word_1_221' title='bbox 1888 2575 1930 2613; x_wconf 77' lang='lat' dir='ltr'><strong>et</strong></span> <span class='ocrx_word' id='word_1_222' title='bbox 1973 2571 2153 2613; x_wconf 86' lang='lat' dir='ltr'><strong>maxime</strong></span> <span class='ocrx_word' id='word_1_223' title='bbox 2196 2570 2463 2614; x_wconf 86' lang='lat' dir='ltr'><strong>Rothsteinio</strong></span> <span class='ocrx_word' id='word_1_224' title='bbox 2498 2569 2676 2612; x_wconf 84' lang='lat' dir='ltr'><strong>adblan-</strong></span> 
     </span>
     <span class='ocr_line' id='line_1_35' title="bbox 259 2640 2677 2694; baseline 0.001 -12"><span class='ocrx_word' id='word_1_225' title='bbox 259 2640 446 2682; x_wconf 89' lang='lat' dir='ltr'><strong>dientem</strong></span> <span class='ocrx_word' id='word_1_226' title='bbox 491 2640 673 2683; x_wconf 90' lang='lat' dir='ltr'><strong>vidimus</strong></span> <span class='ocrx_word' id='word_1_227' title='bbox 713 2641 998 2683; x_wconf 88' lang='lat' dir='ltr'><strong>coniecturam</strong></span> <span class='ocrx_word' id='word_1_228' title='bbox 1031 2654 1170 2682; x_wconf 92' lang='lat' dir='ltr'><strong>nonne</strong></span> <span class='ocrx_word' id='word_1_229' title='bbox 1203 2641 1461 2694; x_wconf 84' lang='lat' dir='ltr'><strong>coniungere</strong></span> <span class='ocrx_word' id='word_1_230' title='bbox 1494 2641 1593 2683; x_wconf 86' lang='lat' dir='ltr'><strong>licet</strong></span> <span class='ocrx_word' id='word_1_231' title='bbox 1625 2653 1718 2683; x_wconf 88' lang='lat' dir='ltr'><strong>cum</strong></span> <span class='ocrx_word' id='word_1_232' title='bbox 1752 2640 1833 2683; x_wconf 88' lang='lat' dir='ltr'><strong>hac</strong></span> <span class='ocrx_word' id='word_1_233' title='bbox 1865 2640 1920 2683; x_wconf 89' lang='lat' dir='ltr'><strong>de</strong></span> <span class='ocrx_word' id='word_1_234' title='bbox 1952 2641 2184 2684; x_wconf 86' lang='lat' dir='ltr'><strong>carminum</strong></span> <span class='ocrx_word' id='word_1_235' title='bbox 2217 2641 2396 2684; x_wconf 90' lang='lat' dir='ltr'><strong>consilio</strong></span> <span class='ocrx_word' id='word_1_236' title='bbox 2429 2640 2677 2685; x_wconf 80' lang='lat' dir='ltr'><strong>sententia?</strong></span> 
     </span>
     <span class='ocr_line' id='line_1_36' title="bbox 259 2709 2676 2766; baseline 0 -13"><span class='ocrx_word' id='word_1_237' title='bbox 259 2710 387 2753; x_wconf 90' lang='lat' dir='ltr'><strong>Modo</strong></span> <span class='ocrx_word' id='word_1_238' title='bbox 421 2724 474 2753; x_wconf 92' lang='lat' dir='ltr'><strong>ne</strong></span> <span class='ocrx_word' id='word_1_239' title='bbox 497 2709 620 2753; x_wconf 84' lang='lat' dir='ltr'><strong>dieas</strong></span> <span class='ocrx_word' id='word_1_240' title='bbox 653 2724 769 2753; x_wconf 91' lang='lat' dir='ltr'><strong>more</strong></span> <span class='ocrx_word' id='word_1_241' title='bbox 804 2711 1144 2766; x_wconf 85' lang='lat' dir='ltr'><strong>‚periegetarum‘</strong></span> <span class='ocrx_word' id='word_1_242' title='bbox 1168 2711 1350 2766; x_wconf 88' lang='lat' dir='ltr'><strong>(scilicet</strong></span> <span class='ocrx_word' id='word_1_243' title='bbox 1372 2710 1604 2753; x_wconf 88' lang='lat' dir='ltr'><strong>secundum</strong></span> <span class='ocrx_word' id='word_1_244' title='bbox 1636 2724 1781 2754; x_wconf 88' lang='lat' dir='ltr'><strong>veram</strong></span> <span class='ocrx_word' id='word_1_245' title='bbox 1814 2724 1866 2753; x_wconf 88' lang='lat' dir='ltr'><strong>ac</strong></span> <span class='ocrx_word' id='word_1_246' title='bbox 1897 2711 2114 2765; x_wconf 86' lang='lat' dir='ltr'><strong>propriam</strong></span> <span class='ocrx_word' id='word_1_247' title='bbox 2147 2711 2269 2754; x_wconf 90' lang='lat' dir='ltr'><strong>huius</strong></span> <span class='ocrx_word' id='word_1_248' title='bbox 2314 2710 2432 2754; x_wconf 89' lang='lat' dir='ltr'><strong>vocis</strong></span> <span class='ocrx_word' id='word_1_249' title='bbox 2464 2710 2676 2764; x_wconf 79' lang='lat' dir='ltr'><strong>significa-</strong></span> 
     </span>
     <span class='ocr_line' id='line_1_37' title="bbox 256 2780 2677 2837; baseline 0 -14"><span class='ocrx_word' id='word_1_250' title='bbox 256 2781 436 2833; x_wconf 89' lang='lat' dir='ltr'><strong>tionem)</strong></span> <span class='ocrx_word' id='word_1_251' title='bbox 479 2781 625 2824; x_wconf 89' lang='lat' dir='ltr'><strong>urbem</strong></span> <span class='ocrx_word' id='word_1_252' title='bbox 666 2782 846 2824; x_wconf 90' lang='lat' dir='ltr'><strong>Romam</strong></span> <span class='ocrx_word' id='word_1_253' title='bbox 892 2781 1218 2825; x_wconf 86' lang='lat' dir='ltr'><strong>describendam</strong></span> <span class='ocrx_word' id='word_1_254' title='bbox 1264 2781 1345 2823; x_wconf 86' lang='lat' dir='ltr'><strong>sibi</strong></span> <span class='ocrx_word' id='word_1_255' title='bbox 1391 2781 1664 2836; x_wconf 86' lang='lat' dir='ltr'><strong>proposuisse</strong></span> <span class='ocrx_word' id='word_1_256' title='bbox 1710 2781 1996 2837; x_wconf 89' lang='lat' dir='ltr'><strong>Propertium:</strong></span> <span class='ocrx_word' id='word_1_257' title='bbox 2064 2781 2251 2825; x_wconf 85' lang='lat' dir='ltr'><strong>locorum</strong></span> <span class='ocrx_word' id='word_1_258' title='bbox 2297 2781 2482 2835; x_wconf 90' lang='lat' dir='ltr'><strong>quodam</strong></span> <span class='ocrx_word' id='word_1_259' title='bbox 2529 2780 2677 2824; x_wconf 88' lang='lat' dir='ltr'><strong>ordine</strong></span> 
     </span>
     <span class='ocr_line' id='line_1_38' title="bbox 258 2852 2676 2908; baseline 0 -14"><span class='ocrx_word' id='word_1_260' title='bbox 258 2857 429 2895; x_wconf 87' lang='lat' dir='ltr'><strong>servato</strong></span> <span class='ocrx_word' id='word_1_261' title='bbox 493 2852 758 2907; x_wconf 89' lang='lat' dir='ltr'><strong>processisse</strong></span> <span class='ocrx_word' id='word_1_262' title='bbox 817 2857 890 2894; x_wconf 86' lang='lat' dir='ltr'><strong>aut</strong></span> <span class='ocrx_word' id='word_1_263' title='bbox 947 2857 1177 2908; x_wconf 88' lang='lat' dir='ltr'><strong>procedere</strong></span> <span class='ocrx_word' id='word_1_264' title='bbox 1245 2852 1428 2894; x_wconf 87' lang='lat' dir='ltr'><strong>voluisse</strong></span> <span class='ocrx_word' id='word_1_265' title='bbox 1487 2853 1528 2894; x_wconf 88' lang='lat' dir='ltr'><strong>in</strong></span> <span class='ocrx_word' id='word_1_266' title='bbox 1594 2853 1729 2895; x_wconf 82' lang='lat' dir='ltr'><strong>Aetiis</strong></span> <span class='ocrx_word' id='word_1_267' title='bbox 1785 2852 2027 2907; x_wconf 85' lang='lat' dir='ltr'><strong>pangendis</strong></span> <span class='ocrx_word' id='word_1_268' title='bbox 2083 2858 2276 2908; x_wconf 88' lang='lat' dir='ltr'><strong>poetam,</strong></span> <span class='ocrx_word' id='word_1_269' title='bbox 2350 2853 2441 2907; x_wconf 87' lang='lat' dir='ltr'><strong>ipse</strong></span> <span class='ocrx_word' id='word_1_270' title='bbox 2509 2865 2676 2907; x_wconf 91' lang='lat' dir='ltr'><strong>quoque</strong></span> 
     </span>
     <span class='ocr_line' id='line_1_39' title="bbox 256 2923 2675 2980; baseline -0 -14"><span class='ocrx_word' id='word_1_271' title='bbox 256 2923 409 2966; x_wconf 89' lang='lat' dir='ltr'><strong>lubens</strong></span> <span class='ocrx_word' id='word_1_272' title='bbox 437 2923 605 2978; x_wconf 86' lang='lat' dir='ltr'><strong>largior.</strong></span> <span class='ocrx_word' id='word_1_273' title='bbox 670 2925 724 2966; x_wconf 86' lang='lat' dir='ltr'><strong>At</strong></span> <span class='ocrx_word' id='word_1_274' title='bbox 755 2937 948 2979; x_wconf 90' lang='lat' dir='ltr'><strong>premere</strong></span> <span class='ocrx_word' id='word_1_275' title='bbox 981 2924 1111 2966; x_wconf 91' lang='lat' dir='ltr'><strong>nolim</strong></span> <span class='ocrx_word' id='word_1_276' title='bbox 1145 2923 1448 2978; x_wconf 82' lang='lat' dir='ltr'><strong>,periegeseos‘</strong></span> <span class='ocrx_word' id='word_1_277' title='bbox 1483 2923 1669 2966; x_wconf 89' lang='lat' dir='ltr'><strong>indolem</strong></span> <span class='ocrx_word' id='word_1_278' title='bbox 1693 2937 1786 2966; x_wconf 86' lang='lat' dir='ltr'><strong>cum</strong></span> <span class='ocrx_word' id='word_1_279' title='bbox 1819 2924 2124 2979; x_wconf 82' lang='lat' dir='ltr'><strong>Rothsteini01)</strong></span> <span class='ocrx_word' id='word_1_280' title='bbox 2156 2924 2242 2980; x_wconf 89' lang='lat' dir='ltr'><strong>(ed.</strong></span> <span class='ocrx_word' id='word_1_281' title='bbox 2276 2928 2374 2966; x_wconf 90' lang='lat' dir='ltr'><strong>tom.</strong></span> <span class='ocrx_word' id='word_1_282' title='bbox 2407 2924 2461 2979; x_wconf 91' lang='lat'><strong>11,</strong></span> <span class='ocrx_word' id='word_1_283' title='bbox 2494 2939 2533 2980; x_wconf 91' lang='lat' dir='ltr'><strong>p.</strong></span> <span class='ocrx_word' id='word_1_284' title='bbox 2571 2927 2675 2967; x_wconf 83' lang='lat'>155:</span> 
     </span>
    </p>
   </div>
   <div class='ocr_carea' id='block_1_11' title="bbox 254 3097 2676 3326">
    <p class='ocr_par' dir='ltr' id='par_1_15' title="bbox 254 3097 2676 3326">
     <span class='ocr_line' id='line_1_40' title="bbox 473 3097 2676 3145; baseline 0 -10"><span class='ocrx_word' id='word_1_285' title='bbox 473 3100 499 3145; x_wconf 92' lang='lat'><strong>¹)</strong></span> <span class='ocrx_word' id='word_1_286' title='bbox 526 3101 626 3144; x_wconf 67' lang='lat' dir='ltr'><strong>Quod</strong></span> <span class='ocrx_word' id='word_1_287' title='bbox 651 3101 695 3135; x_wconf 83' lang='lat' dir='ltr'><strong>de</strong></span> <span class='ocrx_word' id='word_1_288' title='bbox 722 3100 779 3135; x_wconf 88' lang='lat' dir='ltr'><strong>illo</strong></span> <span class='ocrx_word' id='word_1_289' title='bbox 805 3101 940 3145; x_wconf 82' lang='lat' dir='ltr'><strong>primae</strong></span> <span class='ocrx_word' id='word_1_290' title='bbox 968 3100 1100 3145; x_wconf 77' lang='lat' dir='ltr'><strong>elegiae</strong></span> <span class='ocrx_word' id='word_1_291' title='bbox 1129 3101 1263 3145; x_wconf 66' lang='lat' dir='ltr'><strong>hospita·</strong></span> <span class='ocrx_word' id='word_1_292' title='bbox 1291 3104 1557 3144; x_wconf 67' lang='lat' dir='ltr'><strong>argumentatur</strong></span> <span class='ocrx_word' id='word_1_293' title='bbox 1582 3101 1650 3145; x_wconf 59' lang='lat' dir='ltr'><strong>(ed.</strong></span> <span class='ocrx_word' id='word_1_294' title='bbox 1678 3105 1759 3135; x_wconf 79' lang='lat' dir='ltr'><strong>tom.</strong></span> <span class='ocrx_word' id='word_1_295' title='bbox 1790 3101 1834 3143; x_wconf 61' lang='grc' dir='ltr'><strong>ΙΙ,</strong></span> <span class='ocrx_word' id='word_1_296' title='bbox 1863 3112 1893 3144; x_wconf 84' lang='lat' dir='ltr'><strong>p.</strong></span> <span class='ocrx_word' id='word_1_297' title='bbox 1926 3100 2020 3145; x_wconf 81' lang='lat'>166):</span> <span class='ocrx_word' id='word_1_298' title='bbox 2054 3101 2160 3143; x_wconf 82' lang='lat' dir='ltr'><strong>„wie</strong></span> <span class='ocrx_word' id='word_1_299' title='bbox 2193 3101 2248 3135; x_wconf 75' lang='lat' dir='ltr'><strong>ein</strong></span> <span class='ocrx_word' id='word_1_300' title='bbox 2277 3100 2475 3135; x_wconf 76' lang='lat' dir='ltr'><strong>wirklicher</strong></span> <span class='ocrx_word' id='word_1_301' title='bbox 2503 3097 2676 3145; x_wconf 52' lang='lat' dir='ltr'><strong>peringen</strong></span> 
     </span>
     <span class='ocr_line' id='line_1_41' title="bbox 256 3159 2676 3205; baseline 0 -11"><span class='ocrx_word' id='word_1_302' title='bbox 256 3160 363 3194; x_wconf 84' lang='lat' dir='ltr'><strong>einen</strong></span> <span class='ocrx_word' id='word_1_303' title='bbox 390 3159 567 3194; x_wconf 86' lang='lat' dir='ltr'><strong>Fremden</strong></span> <span class='ocrx_word' id='word_1_304' title='bbox 594 3160 630 3193; x_wconf 90' lang='lat' dir='ltr'><strong>in</strong></span> <span class='ocrx_word' id='word_1_305' title='bbox 649 3160 735 3194; x_wconf 80' lang='lat' dir='ltr'><strong>Rom</strong></span> <span class='ocrx_word' id='word_1_306' title='bbox 764 3160 1059 3203; x_wconf 82' lang='lat' dir='ltr'><strong>herumfiihrend,</strong></span> <span class='ocrx_word' id='word_1_307' title='bbox 1087 3160 1265 3194; x_wconf 75' lang='lat' dir='ltr'><strong>erseheint</strong></span> <span class='ocrx_word' id='word_1_308' title='bbox 1291 3160 1355 3193; x_wconf 72' lang='lat' dir='ltr'><strong>der</strong></span> <span class='ocrx_word' id='word_1_309' title='bbox 1371 3160 1519 3194; x_wconf 72' lang='lat' dir='ltr'><strong>Dichter</strong></span> <span class='ocrx_word' id='word_1_310' title='bbox 1544 3171 1598 3195; x_wconf 85' lang='lat' dir='ltr'><strong>am</strong></span> <span class='ocrx_word' id='word_1_311' title='bbox 1628 3160 1791 3204; x_wconf 65' lang='lat' dir='ltr'><strong>Anfange</strong></span> <span class='ocrx_word' id='word_1_312' title='bbox 1816 3160 1881 3194; x_wconf 86' lang='lat' dir='ltr'><strong>der</strong></span> <span class='ocrx_word' id='word_1_313' title='bbox 1903 3159 2034 3205; x_wconf 64' lang='lat' dir='ltr'><strong>Elegio,</strong></span> <span class='ocrx_word' id='word_1_314' title='bbox 2062 3171 2133 3195; x_wconf 82' lang='lat' dir='ltr'><strong>was</strong></span> <span class='ocrx_word' id='word_1_315' title='bbox 2151 3160 2210 3194; x_wconf 84' lang='lat' dir='ltr'><strong>ihu</strong></span> <span class='ocrx_word' id='word_1_316' title='bbox 2238 3159 2377 3195; x_wconf 86' lang='lat' dir='ltr'><strong>freilich</strong></span> <span class='ocrx_word' id='word_1_317' title='bbox 2403 3159 2501 3195; x_wconf 87' lang='lat' dir='ltr'><strong>nieht</strong></span> <span class='ocrx_word' id='word_1_318' title='bbox 2526 3159 2676 3204; x_wconf 78' lang='lat' dir='ltr'><strong>hindert,</strong></span> 
     </span>
     <span class='ocr_line' id='line_1_42' title="bbox 254 3219 2676 3264; baseline 0 -11"><span class='ocrx_word' id='word_1_319' title='bbox 254 3219 326 3253; x_wconf 86' lang='lat' dir='ltr'><strong>den</strong></span> <span class='ocrx_word' id='word_1_320' title='bbox 350 3219 399 3253; x_wconf 87' lang='lat' dir='ltr'><strong>im</strong></span> <span class='ocrx_word' id='word_1_321' title='bbox 426 3221 546 3253; x_wconf 87' lang='lat' dir='ltr'><strong>ersten</strong></span> <span class='ocrx_word' id='word_1_322' title='bbox 574 3219 687 3253; x_wconf 81' lang='lat' dir='ltr'><strong>Verse</strong></span> <span class='ocrx_word' id='word_1_323' title='bbox 713 3220 953 3264; x_wconf 83' lang='lat' dir='ltr'><strong>angeredeten</strong></span> <span class='ocrx_word' id='word_1_324' title='bbox 978 3219 1156 3254; x_wconf 83' lang='lat' dir='ltr'><strong>Fremden</strong></span> <span class='ocrx_word' id='word_1_325' title='bbox 1184 3219 1229 3253; x_wconf 86' lang='lat' dir='ltr'><strong>im</strong></span> <span class='ocrx_word' id='word_1_326' title='bbox 1270 3219 1439 3253; x_wconf 74' lang='lat' dir='ltr'><strong>weitercn</strong></span> <span class='ocrx_word' id='word_1_327' title='bbox 1466 3219 1636 3254; x_wconf 81' lang='lat' dir='ltr'><strong>Verlaufe</strong></span> <span class='ocrx_word' id='word_1_328' title='bbox 1671 3220 1734 3254; x_wconf 74' lang='lat' dir='ltr'><strong>des</strong></span> <span class='ocrx_word' id='word_1_329' title='bbox 1760 3220 1950 3254; x_wconf 74' lang='lat' dir='ltr'><strong>Gedichtes</strong></span> <span class='ocrx_word' id='word_1_330' title='bbox 1985 3220 2127 3255; x_wconf 85' lang='lat' dir='ltr'><strong>einfaeh</strong></span> <span class='ocrx_word' id='word_1_331' title='bbox 2159 3220 2429 3254; x_wconf 65' lang='lat' dir='ltr'><strong>verse-hwinden</strong></span> <span class='ocrx_word' id='word_1_332' title='bbox 2455 3230 2499 3254; x_wconf 90' lang='lat' dir='ltr'><strong>zu</strong></span> <span class='ocrx_word' id='word_1_333' title='bbox 2524 3219 2676 3263; x_wconf 81' lang='lat' dir='ltr'><strong>lassen,“</strong></span> 
     </span>
     <span class='ocr_line' id='line_1_43' title="bbox 256 3278 2566 3326; baseline -0 -11"><span class='ocrx_word' id='word_1_334' title='bbox 256 3278 311 3315; x_wconf 75' lang='lat' dir='ltr'><strong>his</strong></span> <span class='ocrx_word' id='word_1_335' title='bbox 336 3279 506 3316; x_wconf 82' lang='lat' dir='ltr'><strong>extremis</strong></span> <span class='ocrx_word' id='word_1_336' title='bbox 533 3278 651 3314; x_wconf 87' lang='lat' dir='ltr'><strong>verbis</strong></span> <span class='ocrx_word' id='word_1_337' title='bbox 676 3281 832 3314; x_wconf 86' lang='lat' dir='ltr'><strong>nostram</strong></span> <span class='ocrx_word' id='word_1_338' title='bbox 858 3280 902 3315; x_wconf 88' lang='lat' dir='ltr'><strong>de</strong></span> <span class='ocrx_word' id='word_1_339' title='bbox 928 3280 1079 3315; x_wconf 82' lang='lat' dir='ltr'><strong>artifieio</strong></span> <span class='ocrx_word' id='word_1_340' title='bbox 1105 3279 1242 3326; x_wconf 81' lang='lat' dir='ltr'><strong>poetico</strong></span> <span class='ocrx_word' id='word_1_341' title='bbox 1267 3279 1479 3314; x_wconf 77' lang='lat' dir='ltr'><strong>sententiam</strong></span> <span class='ocrx_word' id='word_1_342' title='bbox 1506 3279 1600 3323; x_wconf 86' lang='lat' dir='ltr'><strong>(vide</strong></span> <span class='ocrx_word' id='word_1_343' title='bbox 1626 3280 1745 3324; x_wconf 85' lang='lat' dir='ltr'><strong>supra)</strong></span> <span class='ocrx_word' id='word_1_344' title='bbox 1770 3290 1833 3314; x_wconf 78' lang='lat' dir='ltr'><strong>suo</strong></span> <span class='ocrx_word' id='word_1_345' title='bbox 1859 3279 1973 3315; x_wconf 84' lang='lat' dir='ltr'><strong>Marte</strong></span> <span class='ocrx_word' id='word_1_346' title='bbox 1998 3279 2155 3315; x_wconf 82' lang='lat' dir='ltr'><strong>stabilire</strong></span> <span class='ocrx_word' id='word_1_347' title='bbox 2182 3280 2326 3315; x_wconf 86' lang='lat' dir='ltr'><strong>videtur</strong></span> <span class='ocrx_word' id='word_1_348' title='bbox 2351 3279 2406 3315; x_wconf 87' lang='lat' dir='ltr'><strong>vir</strong></span> <span class='ocrx_word' id='word_1_349' title='bbox 2431 3279 2566 3314; x_wconf 82' lang='lat' dir='ltr'><strong>doctus.</strong></span> 
     </span>
    </p>
   </div>
  </div>
 </body>
</html>
