2895 3832
1426 186 1479 227 11

466 324 601 377 Quem
634 327 852 382 scopulum
864 328 896 379 ¹)
928 326 1281 383 praetervecturis
1309 327 1467 382 primus
1493 326 1783 382 inspiciendus
1810 333 1876 369 est
1903 327 2077 370 Servius
2115 327 2218 369 Aen.
2246 327 2294 368 V.
2325 329 2430 369 560:
2464 327 2664 382 ,Tertiam

256 400 362 455 (scil.
394 402 561 453 partem
593 397 741 453 populi
772 397 970 450 Romani)
1000 398 1223 451 Lucerum,
1256 410 1430 452 quorum
1462 397 1695 441 secundum
1727 398 1895 441 Livium
1927 403 1969 441 et
2000 410 2155 440 nomen
2188 403 2231 439 et
2263 410 2395 439 causa
2426 398 2469 439 in
2500 400 2664 443 occulto

255 474 364 516 sunt.
427 469 586 513 Varro
618 474 761 515 tamen
794 468 898 512 dicit
928 469 1149 513 Romulum
1181 469 1455 514 dimicantem
1492 474 1642 514 contra
1680 469 1820 512 Titum
1859 469 2029 513 Tatium
2070 483 2098 513 a
2129 468 2528 524 Lucumonibus,
2571 470 2666 516 hoc

254 546 333 587 est
363 540 568 597 Tuscis,
613 540 776 585 auxilia
806 541 1061 597 postulasse.
1135 541 1261 585 Unde
1304 541 1477 597 quidam
1515 541 1632 585 venit
1669 554 1763 584 cum
1803 541 2012 584 exercitu:
2064 541 2145 596 cui,
2186 546 2360 597 recepto
2401 540 2487 583 iam
2528 541 2665 598 Tatio,

255 627 356 671 pars
387 612 504 656 urbis
547 617 613 657 est
644 612 767 656 data:
800 627 827 656 a
860 626 942 669 quo
974 613 1017 656 in
1049 614 1153 657 urbe
1191 614 1355 657 Tuscus
1397 613 1534 657 dictus
1574 618 1640 656 est
1679 613 1797 656 vicus
1832 646 1841 655 .
1876 646 1884 655 .
1921 646 1929 655 .
1972 613 2086 668 Ergo
2126 627 2152 656 a
2191 614 2440 657 Lucumone
2478 612 2666 657 Luceres

254 685 355 730 dicti
398 686 517 728 sunt'.
534 685 567 740 ²)
652 684 745 736 Quo
792 699 846 728 ex
888 685 984 728 loco
1027 685 1130 728 mihi
1175 685 1346 740 quidem
1391 685 1656 730 dubitatione
1701 689 1941 740 exemptum
1985 685 2153 728 videtur
2196 685 2297 740 quin
2351 685 2489 739 possit
2539 684 2666 740 effici,

257 758 526 800 Lucumones
568 769 654 799 non
692 756 827 799 solum
866 756 997 800 fuisse
1030 756 1257 812 ,principes
1295 757 1486 812 Tuscos‘,
1518 771 1663 801 verum
1690 757 1819 800 etiam
1847 761 1993 811 ,totum
2017 757 2216 811 populum
2254 757 2451 800 Tuscum’
2482 756 2668 811 indeque

255 827 424 873 tertiam
445 827 599 872 tribum
623 828 860 871 Romanam
882 841 1035 871 nomen
1058 827 1238 884 cepisse.
1296 827 1427 872 Dices
1453 828 1644 884 cogitare
1671 827 1864 872 Servium
1890 826 1945 871 de
1972 827 2317 883 compluribus
2343 826 2668 884 principibus

256 900 502 956 Tuscorum,
536 905 578 944 et
603 899 697 957 ipse
723 913 890 955 quoque
916 914 1038 944 meae
1065 899 1303 944 sententiae
1330 914 1457 957 posse
1485 899 1621 944 diffidi
1650 899 1886 955 confiterer,
1920 899 2002 943 nisi
2034 903 2149 943 esset
2177 899 2294 943 locus
2322 899 2445 943 Pauli
2467 899 2666 944 Diaconi.

259 972 330 1028 qui
362 977 405 1015 et
435 972 492 1015 ad
519 972 653 1015 hanc
677 987 766 1015 rem
793 972 1108 1028 explanandam
1136 972 1310 1027 egregie
1337 971 1440 1015 facit
1466 977 1507 1015 et
1532 976 1601 1015 sat
1626 972 1733 1015 lucis
1760 971 1900 1014 adfert
1926 970 2118 1013 formae
2144 971 2462 1026 Propertianae.
2508 971 2667 1014 Paulus

255 1044 367 1087 enim
413 1043 596 1087 eandem
640 1058 692 1087 ac
737 1044 909 1087 Servius
953 1043 1095 1099 prodit
1139 1042 1389 1098 doctrinam,
1438 1043 1519 1087 nisi
1564 1043 1681 1099 quod
1722 1057 1798 1099 pro
1845 1043 2140 1098 ,Lucumones‘
2187 1042 2357 1086 exhibet
2401 1042 2668 1098 ,Lucomedi‘

255 1131 296 1172 p.
327 1118 410 1159 120
439 1116 515 1158 M.:
551 1115 841 1170 ,Lucomedi
874 1131 901 1159 a
933 1115 1040 1159 duce
1073 1129 1149 1158 suo
1181 1115 1371 1158 Lucomo
1404 1115 1518 1171 dicti,
1552 1116 1623 1171 qui
1654 1120 1807 1171 postea
1833 1114 2071 1158 Lucereses
2096 1114 2301 1170 appellati
2325 1116 2449 1158 sunt‘.
2495 1114 2667 1170 Optime

256 1186 381 1230 ordo:
412 1186 1114 1230 Lucomo-Lucomedi-Lucereses
1139 1186 1400 1243 respondere
1423 1186 1590 1230 videtur
1610 1185 1749 1230 ordini
1772 1185 2037 1229 Varroniano
2060 1184 2194 1242 (apud
2208 1185 2434 1242 Servium):
2456 1185 2665 1229 Lucumo-

258 1258 530 1301 Lucumones
550 1262 624 1311 (=
646 1258 1015 1315 Tusci)-Luceres.
1066 1257 1228 1309 Quibus
1255 1258 1379 1300 nobis
1411 1257 1533 1301 Pauli
1564 1263 1607 1301 et
1638 1257 1776 1301 Servii
1807 1256 1914 1299 locis
1945 1256 2057 1299 nixis
2088 1256 2188 1299 licet
2209 1256 2528 1312 Propertianum
2560 1256 2666 1299 illud

262 1329 579 1387 ,Lycomedius‘
612 1329 673 1372 ita
704 1329 986 1385 interpretari,
1019 1333 1064 1371 ut
1095 1328 1149 1372 sit
1180 1328 1395 1384 singulare
1427 1328 1541 1384 quod
1571 1333 1816 1385 nuncupant
1843 1327 2111 1371 collectivum
2136 1331 2179 1371 et
2205 1332 2342 1370 exstet
2365 1340 2440 1383 pro
2469 1327 2666 1384 ,populus

252 1401 486 1453 Tuscus‘3).

469 1472 571 1527 Sed,
618 1476 708 1514 utut
752 1472 860 1514 hacc
904 1485 972 1514 res
1018 1485 1064 1514 se
1096 1471 1240 1526 habet,
1286 1471 1375 1513 sive
1419 1471 1529 1513 113116
1574 1471 1664 1513 sive
1707 1470 1927 1527 praeferes
1971 1470 2089 1512 illam
2133 1470 2536 1527 interpretationem,
2580 1483 2664 1526 qua

258 1544 573 1601 ,Lycomedius‘
613 1543 798 1585 titulus
842 1542 1118 1597 accipiendus
1157 1547 1223 1584 est
1262 1543 1374 1584 illius
1415 1542 1542 1583 Tusci
1582 1542 1715 1597 ducis,
1758 1542 1875 1583 cuius
1914 1555 2094 1583 nomen
2135 1541 2213 1582 fuit
2244 1541 2414 1583 Caelius
2446 1542 2662 1585 Vibenna:

253 1614 456 1656 minime
477 1614 520 1655 in
547 1614 628 1655 hac
652 1627 698 1655 re
722 1613 965 1668 Propertius
986 1612 1069 1655 dici
1089 1617 1231 1668 potest
1256 1613 1390 1655 obniti
1410 1613 1602 1668 Varroni,
1636 1617 1678 1654 et
1712 1612 1826 1667 quod
1857 1612 2028 1654 disserit
2058 1612 2249 1655 Cauerus
2277 1612 2331 1654 de
2356 1613 2662 1669 patronymico,

257 1685 371 1740 quod
403 1685 615 1741 significet
657 1685 803 1737 ,filium
841 1684 1128 1741 Lycomedis',
1171 1684 1309 1739 deque
1352 1684 1564 1739 Graeco,
1605 1684 1675 1738 qui
1713 1683 1811 1725 11160
1853 1684 1941 1725 veri
1986 1684 2040 1725 sit
2078 1683 2243 1738 similis,
2284 1683 2491 1739 Propertii
2531 1684 2661 1740 sonte,

257 1757 404 1813 procul
437 1756 712 1801 abiciendum
743 1756 845 1799 mihi
877 1755 1055 1798 videtur.
1118 1755 1185 1798 Ex
1216 1755 1379 1799 forma
1411 1761 1553 1800 autem
1579 1756 1672 1799 sola
1697 1755 1894 1799 vocabuli
1920 1755 1956 1798 si
1983 1755 2078 1811 quis
2104 1755 2390 1811 suspicionem
2414 1755 2469 1799 de
2494 1755 2661 1799 Graeco

252 1829 369 1872 fonte
405 1828 613 1883 excitarit,
647 1842 742 1871 eum
774 1828 831 1870 ad
862 1827 1134 1870 Knaackium
1166 1827 1311 1883 reicio,
1344 1828 1415 1882 qui
1447 1828 1556 1871 bene
1586 1828 1629 1880 (l.
1655 1828 1683 1869 l.
1706 1841 1746 1883 p.
1770 1829 1889 1880 4ΟΟ);
1929 1827 2048 1883 „Ihm
2079 1827 2134 1870 ist
2166 1827 2287 1870 diese
2319 1827 2660 1882 graecisierendc

257 1900 521 1955 Umbildung
551 1899 665 1943 wohl
697 1904 965 1950 zuzutrauen,
1008 1898 1118 1941 ohne
1157 1899 1255 1942 dass
1293 1899 1371 1942 wir
1409 1899 1533 1942 einen
1571 1898 1863 1953 griechischen
1901 1898 2063 1941 Pocten
2102 1911 2151 1940 zu
2192 1898 2401 1941 bemiihen
2431 1898 2660 1942 brauchem

254 1970 385 2014 durch
416 1971 573 2014 dessen
607 1970 886 2024 Vermittlung
917 1970 1101 2025 Properz
1133 1970 1203 2012 die
1236 1970 1353 2024 Sage
1386 1970 1578 2013 erhalten
1609 1969 1816 2025 hatteffl)
1861 1969 2016 2011 Nonne
2040 1982 2143 2011 vero
2166 1982 2190 2011 e
2213 1973 2348 2011 semet
2370 1969 2463 2023 ipso
2490 1974 2659 2023 poetam

252 2042 427 2085 finxisse
462 2042 641 2085 formam
674 2041 990 2096 ‚Lycomedius‘
1025 2054 1200 2083 censere
1232 2041 1327 2084 loco
1355 2055 1378 2084 e
1404 2041 1538 2083 Paulo
1566 2041 1696 2083 allato
1729 2040 1991 2092 vetamur⁵)‘?

464 2113 618 2156 Totum
660 2111 788 2167 igitur
828 2111 991 2154 versari
1031 2115 1221 2154 nostrum
1262 2112 1305 2154 in
1344 2111 1545 2155 Varronis
1584 2110 1637 2153 de
1678 2110 1922 2153 Lucumone
1963 2110 2243 2165 persuasione
2288 2110 2483 2163 vidimus,
2530 2111 2656 2166 idque

256 2183 469 2226 affirmare
502 2197 554 2226 eo
582 2183 735 2226 certius
760 2194 1000 2238 possumus,
1046 2182 1160 2236 quod
1185 2182 1242 2242 in⁴
1267 2182 1493 2226 statuendo
1531 2187 1777 2237 tempore,
1822 2195 1903 2235 quo
1943 2182 2015 2224 ille
2056 2181 2142 2224 dux
2182 2181 2414 2224 Tuscorum
2455 2182 2658 2225 Romanis

260 2254 418 2297 auxilio
463 2254 639 2308 venerit,
684 2253 914 2296 maximam
957 2252 1067 2295 inter
1105 2257 1274 2297 veteres
1311 2253 1540 2309 scriptores
1584 2266 1679 2295 esse
1724 2252 2034 2295 dissensionem
2077 2252 2206 2294 scitur
2218 2255 2261 2303 6).
2333 2253 2399 2295 Β6
2442 2257 2534 2295 tota
2577 2252 2659 2296 hac

253 2324 503 2379 quaestione
535 2324 766 2368 novissime
798 2324 843 2366 F.
875 2324 1049 2367 Miinzer
1079 2324 1123 2367 in
1154 2324 1262 2368 Mus.
1294 2324 1487 2369 Rhenan.
1520 2329 1617 2368 tom.
1645 2323 1746 2366 LIII
1778 2322 1939 2378 (1898),
1974 2336 2015 2378 p.
2045 2324 2130 2366 596
2175 2335 2264 2377 sqq.
2291 2322 2395 2366 scite
2422 2322 2660 2379 disputavit

255 2399 298 2438 et
327 2395 595 2453 Propertium
628 2399 819 2439 nostrum
849 2395 892 2437 in
923 2395 1005 2438 hac
1037 2408 1204 2450 quoque
1245 2408 1291 2438 re
1334 2395 1578 2439 Varronis
1618 2394 1829 2450 propriam
1869 2393 2212 2448 peculiaremque
2254 2393 2496 2448 opinionem
2537 2394 2660 2449 sequi

250 2468 495 2512 observavit
529 2472 587 2525 (p.
622 2468 734 2519 604).

394 2587 401 2594 ‘
461 2588 489 2634 ¹)
528 2588 565 2624 si
591 2589 647 2625 cui
673 2589 813 2625 videtur
849 2587 1030 2632 scopulus;
1064 2586 1399 2623 commentatoribus
1431 2585 1680 2631 Propertianis,
1713 2584 1795 2629 quin
1831 2583 1922 2618 idem
1963 2582 2122 2618 valerent
2160 2583 2246 2618 haec
2284 2583 2439 2619 nomina.
2478 2583 2576 2619 nulla
2606 2586 2662 2619 est

251 2656 417 2690 umquam
442 2648 479 2681 in
503 2648 720 2683 dubitatione
745 2650 937 2683 versatum.

468 2716 498 2763 ¹)
536 2719 582 2754 et.
609 2719 711 2754 Varr.
738 2720 782 2754 de
807 2718 830 2753 l.
856 2718 878 2752 l.
905 2718 948 2753 V.
977 2721 1040 2753 55:
1068 2719 1175 2762 ,Ager
1190 2716 1370 2751 Romanus
1387 2716 1537 2759 primum
1554 2715 1685 2749 divisus
1705 2714 1740 2747 in
1759 2713 1865 2756 partis
1884 2712 1957 2750 tris,
1984 2723 2004 2746 a
2029 2723 2096 2755 quo
2121 2711 2233 2746 tribus
2250 2711 2426 2756 appellata
2441 2712 2661 2757 Titiensium,

259 2776 459 2821 Ramnium‚
497 2778 685 2815 Lucerum.
726 2778 926 2828 :Nominatn
967 2780 1004 2813 ut
1029 2777 1076 2813 ait
1108 2776 1254 2820 Ennius,
1280 2776 1452 2811 Titienses
1491 2774 1533 2811 ab
1558 2774 1663 2817 Tatio,
1700 2773 1919 2808 Ramnenses
1946 2771 1987 2806 ab
2018 2771 2177 2811 Romulo,
2215 2771 2418 2816 Luceres,
2456 2774 2497 2807 ut
2526 2772 2661 2817 Iunius,

252 2835 303 2870 ab
327 2836 599 2872 Lucumone.‘
649 2839 695 2873 cf.
723 2838 794 2874 Cic.
821 2838 909 2881 Rep.
935 2838 983 2880 II,
1009 2840 1042 2880 8,
1072 2840 1125 2871 14.

465 2900 494 2947 ³)
532 2902 578 2938 cf.
605 2902 805 2947 Rothstein,
834 2903 887 2938 ed.
913 2903 997 2937 tom.
1025 2901 1072 2945 ΙΙ,
1100 2912 1132 2946 p.
1160 2902 1241 2937 200.

463 2967 493 3012 ⁴)
530 2967 584 3004 De
619 2967 802 3013 Propertio
828 2967 1066 3014 graecissante
1102 2968 1138 3002 et
1162 2966 1316 3002 Graecas
1350 2967 1482 3001 formas
1514 2971 1656 3010 propter
1693 2962 1930 2998 iucundiorem
1966 2961 2233 3008 plenioremque
2266 2961 2405 2999 illarum
2442 2963 2596 2999 sonitum
2625 2965 2662 2999 et

254 3028 359 3061 nietn'
389 3036 496 3062 causa
519 3037 691 3073 persaepe
718 3028 945 3073 praeferente
971 3027 1018 3062 cf.
1045 3027 1151 3062 etiam
1176 3026 1384 3071 Hertzberg.
1436 3025 1576 3069 Quaest.
1603 3025 1776 3068 Propeitt.
1826 3034 1858 3066 p.
1888 3025 1964 3057 163.

465 3092 495 3137 ⁸)
528 3092 694 3127 Fortasse
725 3094 895 3127 denotare
926 3092 1036 3127 voluit
1068 3092 1199 3127 Sextus
1230 3092 1335 3135 (sicut
1361 3102 1391 3124 v.
1420 3093 1475 3125 29.
1503 3090 1604 3134 primi
1636 3089 1814 3132 canninis)
1849 3099 1888 3122 se
1926 3098 2048 3122 eorum
2082 3089 2181 3133 gregi
2216 3089 2444 3124 inserendum
2477 3100 2568 3133 esse,
2602 3090 2662 3134 qui
2705 3079 2706 3082 Ἴ

251 3150 381 3185 Tuscos
421 3150 664 3197 Semigraecos
703 3154 740 3187 et
764 3152 876 3196 Lydia
900 3151 1065 3186 oriundos
1090 3152 1288 3186 censerent.
1339 3150 1450 3185 Recte
1474 3149 1580 3194 igitur
1598 3147 1849 3192 Hertzbergius
1874 3147 1917 3181 ad
1943 3157 1975 3180 v.
2004 3149 2060 3190 51,
2086 3147 2146 3192 qui
2164 3158 2244 3183 cum
2270 3147 2407 3193 Scoppa
2443 3151 2479 3183 et
2500 3148 2661 3184 Turnebo

253 3209 515 3253 ,Lucumonius‘
540 3221 604 3255 pro
630 3211 887 3256 ,Lycomedius‘
913 3211 1165 3255 reposuissent,
1191 3210 1413 3254 Propertiiun
1439 3207 1580 3253 egregia
1602 3206 1781 3241 doctrinae
1806 3205 1909 3241 laude
1935 3206 2120 3241 fraudasse
2148 3209 2304 3242 annotat.

463 3274 494 3322 ⁸)
520 3276 566 3311 cf.
587 3277 730 3321 praeter
753 3276 789 3311 11.
816 3276 852 3313 ll.
872 3275 970 3311 Paul.
996 3275 1095 3311 Diae.
1114 3286 1148 3319 p.
1174 3278 1219 3313 44
1246 3277 1282 3309 et
1310 3277 1376 3310 119
1390 3273 1456 3317 M.;
1493 3272 1598 3308 Tacit.
1625 3272 1719 3308 Ann.
1747 3271 1811 3315 IV,
1850 3273 1912 3316 653
1951 3270 2045 3307 Fest.
2073 3283 2105 3316 p.
2134 3275 2204 3309 355
2225 3272 2291 3316 Μ.·,
2317 3271 2438 3309 Claud.
2464 3272 2547 3318 imp.
2562 3272 2659 3309 Orat.

250 3334 287 3369 in
312 3334 392 3370 Tab.
419 3335 527 3382 Lugd.
555 3335 716 3373 Column.
742 3336 772 3380 Ι,
802 3339 845 3373 18
871 3346 945 3382 sqq.

2374 3392 2415 3432 2*
