2895 3832
520 1611 753 1694 Bicipitem
782 1651 868 1681 non
899 1637 1052 1682 iniuria
1074 1637 1229 1681 dixerit
1258 1638 1353 1693 quis
1375 1638 1640 1694 Propertium
1661 1638 1756 1682 libri
1792 1638 1926 1681 ultimi
1958 1638 2297 1693 compositorem,
2329 1643 2472 1693 utpote
2505 1638 2575 1691 qui
2606 1638 2650 1680 in

247 1710 328 1753 hac
367 1716 559 1752 extrema
600 1708 828 1751 carminum
864 1713 985 1764 parte
1026 1721 1164 1763 neque
1205 1708 1354 1752 solitos
1399 1709 1725 1764 peculiaresque
1766 1708 1949 1763 elegiaci
1986 1714 2143 1764 poetae
2183 1708 2333 1752 modos
2373 1708 2575 1763 neglegat
2611 1713 2655 1751 et

250 1779 438 1823 doctus
460 1778 584 1822 nobis
599 1778 780 1822 exsistat
795 1783 940 1834 poeta,
963 1791 1071 1834 cum,
1092 1792 1192 1823 vere
1212 1792 1371 1835 praeco
1385 1779 1588 1836 temporis
1601 1779 1700 1836 aeti,
1722 1779 1908 1823 insumat
1929 1785 2063 1823 art-em
2085 1780 2128 1822 in
2151 1779 2390 1824 evolvenda
2402 1778 2653 1834 antiquitate

251 1851 445 1893 Romana
476 1854 519 1893 et
553 1854 806 1904 argumenta
835 1849 936 1892 inde
968 1854 1165 1905 prompta
1204 1849 1360 1893 fidibus
1401 1851 1521 1907 lyrae
1559 1864 1663 1894 suae
1704 1850 1941 1894 amatoriae
1980 1850 2234 1906 adaptanda
2265 1854 2394 1894 curet.
2458 1849 2653 1905 Quinque

251 1925 348 1964 sunt
393 1920 598 1976 carmina,
653 1921 805 1976 quibus
858 1920 974 1964 baud
1012 1921 1171 1976 exigua
1223 1934 1325 1965 usus
1369 1921 1589 1965 doctrinae
1629 1921 1863 1965 subtilitate
1910 1922 2098 1976 origines
2142 1922 2359 1965 Romanas
2403 1921 2518 1964 canit
2559 1920 2652 1963 ille:

251 2005 423 2035 carmen
453 1992 646 2048 primum,
679 1991 924 2046 secundum,
966 1995 1174 2046 quartum,
1214 2005 1384 2048 nonum,
1426 1991 1645 2036 decimum.
1708 1991 1896 2043 Quarum
1928 1991 1983 2035 de
2015 1991 2250 2047 elegiarum
2280 1991 2458 2035 consilio
2489 1991 2652 2033 ratione

250 2061 395 2105 indole
426 2061 678 2105 condicione
710 2062 1003 2106 coniunctione
1025 2061 1307 2117 dispositione
1338 2062 1487 2106 mirum
1508 2065 1711 2117 quantum
1742 2061 1959 2117 discrepat
1990 2062 2099 2105 inter
2130 2064 2318 2114 omnes1)
2348 2061 2653 2116 pullulavitque

251 2131 587 2175 coniecturarum
608 2145 750 2188 seges,
784 2137 826 2175 et
845 2132 1091 2188 praecipue,
1123 2146 1226 2188 quo
1249 2132 1488 2177 consilio
1504 2137 1650 2177 essent
1669 2132 1884 2188 conditae,
1916 2133 2066 2177 iterum
2088 2146 2141 2176 ac
2162 2132 2334 2188 saepius
2355 2131 2655 2186 quaesiverunt

250 2202 329 2245 viri
369 2202 484 2246 docti
523 2216 662 2259 neque
693 2203 924 2259 quidquam
955 2204 1059 2247 certi
1090 2204 1200 2248 inter
1230 2217 1306 2248 eos
1337 2204 1557 2249 convenit:
1610 2203 1707 2248 aliis
1739 2203 1857 2248 aliud
1888 2203 2132 2261 Propertius
2173 2203 2257 2248 illis
2288 2203 2409 2258 sequi
2439 2202 2556 2246 visus
2588 2205 2655 2246 est

251 2274 520 2317 carminibus.

464 2358 526 2401 Ac
547 2358 707 2413 primus
743 2358 927 2413 quidem,
971 2358 1089 2401 cuius
1121 2358 1177 2401 de
1210 2359 1411 2413 opinione
1446 2359 1720 2413 disseramus,
1754 2358 1910 2413 dignus
1943 2363 2008 2400 est
2042 2358 2105 2400 vir
2126 2357 2320 2400 doctrina
2349 2361 2391 2399 et
2413 2355 2654 2411 sagacitate

247 2426 302 2470 de
333 2427 485 2471 studiis
522 2428 812 2485 Propertianis
842 2428 1064 2484 insigniter
1100 2428 1288 2485 meritus,
1321 2429 1521 2473 Carolum
1552 2429 1874 2473 Lachmannum
1905 2427 2015 2483 dico,
2056 2425 2126 2483 qui
2157 2427 2199 2470 in
2222 2426 2408 2471 editione
2430 2426 2648 2483 Lipsiensi

245 2501 392 2553 (1816,
424 2513 463 2554 p.
496 2502 606 2555 350;
648 2500 698 2544 cf.
740 2514 779 2556 p.
820 2503 925 2552 369)
963 2500 1218 2544 sententiam
1251 2514 1373 2543 suam
1404 2500 1459 2543 de
1490 2501 1669 2544 consilio
1701 2501 1823 2543 buius
1864 2500 2092 2554 elegiarum
2123 2498 2361 2554 corpusculi
2393 2497 2650 2541 coniecturis

247 2568 504 2614 multimodis
536 2571 679 2614 vexati
711 2571 755 2614 in
776 2571 918 2615 medio
939 2571 1161 2627 proposuit
1191 2576 1234 2615 et
1255 2571 1518 2626 Propertium
1550 2572 1860 2627 ,Fastorum‘
1895 2570 1984 2613 sive
2014 2569 2265 2623 ,Dierum‘
2297 2581 2405 2624 opus
2437 2567 2649 2612 conficere

244 2639 430 2684 voluisse
475 2641 558 2685 sibi
594 2642 818 2698 persuasit.
886 2642 1085 2697 Sequitur
1129 2655 1225 2686 eum
1268 2642 1482 2685 Caruttius
1523 2641 1672 2697 (praef.
1713 2641 1781 2685 ed.
1825 2655 1864 2696 p.
1909 2639 2131 2691 XXXVII)
2177 2639 2316 2682 simile
2359 2638 2492 2682 fuisse
2536 2643 2652 2681 ratus

244 2723 415 2755 carmen
447 2711 598 2757 Sabini
630 2718 800 2770 poetae,
833 2712 888 2757 dc
919 2716 1003 2769 quo
1035 2712 1213 2757 Ovidius
1242 2712 1367 2769 (Epp.
1401 2727 1455 2757 ex
1486 2713 1623 2757 Ponto
1657 2713 1725 2757 lv.
1764 2715 1830 2768 16,
1868 2715 1918 2755 15
1934 2716 2035 2766 sq.):

813 2798 994 2852 ,Quique
1025 2811 1146 2840 suam
1177 2797 1370 2854 Chrysen
1401 2796 1777 2852 imperfectumque
1811 2796 2013 2838 Dierum

812 2868 1010 2911 Deseruit
1041 2867 1168 2910 celeri
1199 2872 1332 2910 morte
1364 2867 1547 2910 Sabinus
1580 2867 1715 2922 opus.‘

456 2960 543 3003 Suo
576 2966 719 3006 autem
750 2962 839 3006 iure
872 2963 919 3005 R.
959 2961 1149 3017 Voigtius
1180 2961 1264 3015 (De
1296 2964 1445 3017 quarto
1480 2959 1685 3017 Propertii
1716 2959 1837 3016 libro,
1871 2957 2210 3015 Helsingforsiae
2242 2961 2368 3011 1872,
2406 2974 2447 3016 p.
2474 2961 2529 3003 21
2563 2965 2654 3015 sq.),

243 3029 314 3083 qui
347 3029 452 3073 hanc
483 3031 766 3088 adoptassent
797 3033 1053 3089 opinionem,
1095 3032 1188 3076 solo
1216 3031 1359 3076 Ovidii
1388 3032 1584 3088 exemplo
1613 3031 1819 3087 impulsos
1848 3044 1946 3075 esse
1974 3030 2294 3075 demonstravit.
2347 3030 2656 3075 Ovidianorum

459 3161 485 3206 ¹)
510 3162 607 3197 Adeo
624 3163 796 3199 diSside-nt
821 3164 886 3214 viri
911 3164 1014 3207 docti,
1041 3166 1080 3198 ut
1104 3163 1259 3198 omnium
1277 3163 1451 3207 Propertii
1476 3162 1644 3198 librorum
1665 3162 1807 3197 ultimus
1826 3165 1968 3206 putetur
1994 3163 2076 3197 hinc
2098 3162 2403 3207 ,perfectissimus⁷
2431 3161 2655 3206 (Buecheler.

245 3218 335 3253 Mus.
353 3219 514 3256 Rhenan.
531 3222 615 3256 tom·
632 3221 797 3259 XXXVI
816 3223 949 3268 (1881),
976 3234 1008 3267 p.
1026 3223 1122 3268 337),
1148 3222 1244 3258 illinc
1257 3222 1570 3265 inconditissimus;
1596 3222 1694 3257 velut
1710 3221 1958 3257 Lachmannus
1970 3220 2222 3257 tumultuosius
2245 3224 2389 3267 praeter
2405 3221 2655 3257 necessitatem

243 3278 280 3312 in
305 3278 399 3313 hunc
424 3277 552 3314 librum
582 3284 762 3325 grassatus
796 3282 972 3328 fragmina
1005 3282 1106 3317 rudia
1142 3282 1241 3328 ponit
1275 3283 1311 3317 et
1341 3282 1390 3317 ita
1420 3292 1491 3317 non
1516 3281 1751 3325 cohaerentia,
1784 3283 1823 3316 ut
1856 3291 1900 3316 ne
1926 3291 2015 3326 puer
2040 3281 2184 3326 quidem
2207 3280 2407 3317 balbutiens
2440 3279 2550 3316 verba
2581 3282 2653 3316 tam

242 3337 440 3383 interrupta
464 3340 501 3373 et
524 3339 698 3385 indigesta
722 3342 864 3377 iaceret.

2374 3399 2412 3434 10
